%% This BibTeX bibliography file was created using BibDesk.
%% https://bibdesk.sourceforge.io/

%% Created for Gregory Scontras at 2020-05-28 14:27:30 -0700 


%% Saved with string encoding Unicode (UTF-8) 



@article{jasbietal2019,
	Author = {Msoud Jasbi and Brandon Waldon and Judith Degen},
	Date-Added = {2020-05-28 14:25:35 -0700},
	Date-Modified = {2020-05-28 14:26:59 -0700},
	Journal = {Frontiers in Psychology},
	Pages = {189},
	Title = {Linking Hypothesis and Number of Response Options Modulate Inferred Scalar Implicature Rate},
	Volume = {10},
	Year = {2019}}

@article{roberts2012,
	Author = {Craige Roberts},
	Date-Added = {2019-09-27 14:30:20 -0700},
	Date-Modified = {2019-09-27 14:30:54 -0700},
	Journal = {Semantics and Pragmatics},
	Number = {6},
	Pages = {1--69},
	Title = {Information structure in discourse: Towards an integrated formal theory of pragmatics},
	Volume = {5},
	Year = {2012}}

@incollection{chierchiaetal2012,
	Address = {Berlin},
	Author = {Gennaro Chierchia and Danny Fox and Benjamin Spector},
	Booktitle = {Semantics: An international handbook of natural language meaning},
	Chapter = {87},
	Date-Added = {2019-09-18 09:18:43 -0700},
	Date-Modified = {2019-09-18 09:19:58 -0700},
	Editor = {Klaus von Heusinger and Claudia Maienborn and Paul Portner},
	Pages = {2297-2331},
	Publisher = {Mouton de Gruyter},
	Title = {Scalar implicature as a grammatical phenomenon},
	Volume = {3},
	Year = {2012}}

@incollection{horn1984,
	Address = {Washington DC},
	Author = {Laurence Horn},
	Booktitle = {Meaning, form, and use in context},
	Date-Added = {2019-09-18 09:17:16 -0700},
	Date-Modified = {2019-09-18 09:18:36 -0700},
	Editor = {Deborah Schiffrin},
	Pages = {163-192},
	Publisher = {Georgetown University Press},
	Title = {Toward a new taxonomy for pragmatic inference: {Q}-based and {R}-based implicature},
	Year = {1984}}

@inproceedings{degengoodman2014,
	Author = {Degen, Judith and Goodman, Noah D},
	Booktitle = {Proceedings of the 36th annual conference of the {C}ognitive {S}cience {S}ociety},
	Pages = {397--402},
	Title = {Lost your marbles? The puzzle of dependent measures in experimental pragmatics},
	Year = {2014}}

@article{hurford1974,
	Author = {James R. Hurford},
	Date-Added = {2019-09-18 09:16:21 -0700},
	Date-Modified = {2019-09-18 09:17:13 -0700},
	Journal = {Foundations of Language},
	Number = {3},
	Pages = {409-411},
	Title = {Exclusive or inclusive disjunction},
	Volume = {11},
	Year = {1974}}

@article{bergenetal2016,
	Author = {Leon Bergen and Roger Levy and Noah D. Goodman},
	Date-Added = {2019-09-18 09:09:27 -0700},
	Date-Modified = {2019-09-18 09:10:45 -0700},
	Journal = {Semantics and Pragmatics},
	Number = {20},
	Title = {Pragmatic reasoning through semantic inference},
	Volume = {9},
	Year = {2016}}

@article{frankejaeger2016,
	Author = {Michael Franke and Gerhard J\"{a}ger},
	Date-Added = {2019-05-31 13:45:34 -0700},
	Date-Modified = {2019-05-31 13:46:28 -0700},
	Journal = {Zeitschrift f\"{u}r Sprachwissenschaf},
	Pages = {3-44},
	Title = {Probabilistic pragmatics, or why {B}ayes' rule is probably important for pragmatics},
	Volume = {35},
	Year = {2016}}

@article{tesslergoodman2019,
	Author = {Michael Henry Tessler and Noah D. Goodman},
	Date-Added = {2019-05-31 13:43:09 -0700},
	Date-Modified = {2019-05-31 13:43:48 -0700},
	Journal = {Psychological Review},
	Pages = {395-436},
	Title = {The language of generalization},
	Volume = {126},
	Year = {2019}}

@article{scontrasgoodman2017,
	Author = {Gregory Scontras and Noah D. Goodman},
	Date-Added = {2019-05-31 13:41:33 -0700},
	Date-Modified = {2019-05-31 13:42:03 -0700},
	Journal = {Cognition},
	Pages = {294-311},
	Title = {Resolving uncertainty in plural predication},
	Volume = {168},
	Year = {2017}}

@inproceedings{savinellietal2018,
	Author = {K.J. Savinelli and Gregory Scontras and Lisa Pearl},
	Booktitle = {Proceedings of the 8th Workshop on Cognitive Modeling and Computational Linguistics ({CMCL} 2018)},
	Date-Added = {2019-05-31 13:38:28 -0700},
	Date-Modified = {2019-09-19 09:24:24 -0700},
	Pages = {67-75},
	Title = {Exactly two things to learn from modeling scope ambiguity resolution: Developmental continuity and numeral semantics},
	Year = {2018}}

@inproceedings{yoonetal2016,
	Author = {Yoon, Erica J and Tessler, Michael Henry and Goodman, Noah D and Frank, Michael C},
	Booktitle = {Proceedings of the Thirty-Eighth Annual Conference of the {C}ognitive {S}cience {S}ociety},
	Date-Added = {2017-06-24 16:06:50 +0000},
	Date-Modified = {2017-06-24 16:08:12 +0000},
	Title = {Talking with tact: Polite language as a balance between kindness and informativity},
	Year = {2016}}

@inproceedings{yoonetal2017,
	Author = {Yoon, Erica J and Tessler, Michael Henry and Goodman, Noah D and Frank, Michael C},
	Booktitle = {Proceedings of the Thirty-Ninth Annual Conference of the {C}ognitive {S}cience {S}ociety},
	Date-Added = {2017-06-24 16:05:42 +0000},
	Date-Modified = {2017-06-24 16:09:16 +0000},
	Title = {``I won't lie, it wasn't amazing'': Modeling polite indirect speech},
	Year = {2017}}

@article{yoonetal2018,
	Author = {Yoon, Erica J and Tessler, Michael Henry and Goodman, Noah D and Frank, Michael C},
	Doi = {10.31234/osf.io/67ne8},
	Publisher = {PsyArXiv},
	Title = {Polite speech emerges from competing social goals},
	Url = {psyarxiv.com/67ne8},
	Year = {2018},
	Bdsk-Url-1 = {psyarxiv.com/67ne8},
	Bdsk-Url-2 = {https://doi.org/10.31234/osf.io/67ne8}}

@book{brown1987politeness,
	Author = {Brown, Penelope and Levinson, Stephen C},
	Publisher = {Cambridge university press},
	Title = {Politeness: Some universals in language usage},
	Year = {1987}}

@inproceedings{tessler2017comparisonclass,
	Author = {Tessler, Michael Henry and Lopez-Brau, Michael and Goodman, Noah D},
	Booktitle = {Proceedings of the 39th Annual Meeting of the {C}ognitive {S}cience {S}ociety},
	File = {:Users/mht/Documents/Mendeley Desktop/Tessler, Lopez-brau, Goodman/Tessler, Lopez-brau, Goodman{\_}2017.pdf:pdf},
	Keywords = {16,24,act,bayesian cognitive model,bayesian data analysis,c,comparison class,f,if,if it,it,it warm,outside,pragmatics,rational speech,s 60,s 75,s warm,unless,you could say,you might not consider},
	Title = {{Warm (for winter): Comparison class understanding in vague language}},
	Year = {2017}}

@article{tenenbaum2011grow,
	Author = {Tenenbaum, Joshua B and Kemp, Charles and Griffiths, Thomas L and Goodman, Noah D},
	Journal = {science},
	Number = {6022},
	Pages = {1279--1285},
	Publisher = {American Association for the Advancement of Science},
	Title = {How to grow a mind: Statistics, structure, and abstraction},
	Volume = {331},
	Year = {2011}}

@inproceedings{degen2015wonky,
	Author = {Degen, Judith and Tessler, Michael Henry and Goodman, Noah D},
	Booktitle = {Proceedings of the 37th Annual Meeting of the {C}ognitive {S}cience {S}ociety},
	Title = {Wonky worlds: Listeners revise world knowledge when utterances are odd.},
	Year = {2015}}

@inproceedings{savinellietal2017,
	Author = {K.J. Savinelli and Gregory Scontras and Lisa Pearl},
	Booktitle = {Proceedings of the Thirty-Ninth Annual Conference of the {C}ognitive {S}cience {S}ociety},
	Date-Added = {2017-06-24 16:00:44 +0000},
	Date-Modified = {2019-09-19 09:23:56 -0700},
	Pages = {2064-3069},
	Title = {Modeling scope ambiguity resolution as pragmatic inference: Formalizing differences in child and adult behavior},
	Year = {2017}}

@article{tesslergoodman2016,
	Author = {Michael Henry Tessler and Noah D. Goodman},
	Date-Added = {2017-06-24 15:58:42 +0000},
	Date-Modified = {2017-06-24 15:59:54 +0000},
	Journal = {CoRR},
	Title = {A pragmatic theory of generic language},
	Url = {http://arxiv.org/abs/1608.02926},
	Volume = {abs/1608.02926},
	Year = {2016},
	Bdsk-Url-1 = {http://arxiv.org/abs/1608.02926}}

@inproceedings{kaogoodman2015,
	Author = {Kao, Justine T and Goodman, Noah D.},
	Booktitle = {Proceedings of the Thirty-Seventh Annual Conference of the {C}ognitive {S}cience {S}ociety},
	Date-Added = {2017-06-24 15:57:13 +0000},
	Date-Modified = {2017-06-24 15:57:27 +0000},
	Title = {Let's talk (ironically) about the weather: Modeling verbal irony},
	Website = {papers/KaoEtAl2015-Cogsci.pdf},
	Year = {2015}}

@misc{goodmanstuhlmuller2014,
	Author = {Noah D. Goodman and Andreas Stuhlm\"{u}ller},
	Date-Added = {2017-06-24 15:52:51 +0000},
	Date-Modified = {2017-06-24 16:04:22 +0000},
	Howpublished = {\url{http://dippl.org}},
	Title = {The Design and Implementation of Probabilistic Programming Languages},
	Year = {2014}}

@article{goodmanfrank2016,
	Author = {Noah D. Goodman and Michael C. Frank},
	Date-Added = {2017-06-24 15:51:54 +0000},
	Date-Modified = {2017-06-24 15:51:54 +0000},
	Journal = {Trends in Cognitive Sciences},
	Number = {11},
	Pages = {818-829},
	Title = {Pragmatic Language Interpretation as Probabilistic Inference},
	Volume = {20},
	Year = {2016}}

@inproceedings{cooperetal2014,
	Author = {Robin Cooper and Simon Dobnik and Shalom Lappin and Staffan Larsson},
	Booktitle = {Proceedings of the {EACL} 2014 Workshop on Type Theory and Natural Language Semantics ({TTNLS})},
	Date-Added = {2015-05-28 16:51:11 +0000},
	Date-Modified = {2015-05-28 17:44:43 +0000},
	Pages = {72-79},
	Title = {A Probabilistic Rich Type Theory for Semantic Interpretation},
	Year = {2014}}

@incollection{goodmanlassiter2015handbook,
	Author = {Noah D. Goodman and Daniel Lassiter},
	Booktitle = {The Handbook of Contemporary Semantic Theory},
	Date-Added = {2015-05-26 22:13:51 +0000},
	Date-Modified = {2015-05-26 22:15:00 +0000},
	Edition = {2nd},
	Editor = {S. Lappin and C. Fox},
	Publisher = {Wiley-Blackwell},
	Title = {Probabilistic Semantics and Pragmastics: Uncertainty in Language and Thought},
	Year = {2015}}

@book{steedman2012,
	Address = {Cambridge, MA},
	Author = {Mark Steedman},
	Date-Added = {2015-05-26 18:18:30 +0000},
	Date-Modified = {2015-05-26 18:18:54 +0000},
	Publisher = {{MIT} Press},
	Title = {Taking Scope},
	Year = {2012}}

@inproceedings{goodmanetal2008church,
	Author = {Noah D. Goodman and Vikash K. Mansinghka and Daniel Roy and Keith Bonawitz and Joshua B. Tenenbaum},
	Booktitle = {Uncertainty in Artificial Intelligence},
	Date-Added = {2015-05-26 17:05:19 +0000},
	Date-Modified = {2015-05-26 17:10:05 +0000},
	Pages = {220-229},
	Title = {Church: a language for generative models},
	Year = {2008}}

@inproceedings{kaoetal2014metaphor,
	Author = {Justine T Kao and Leon Bergen and Noah D. Goodman},
	Booktitle = {Proceedings of the Thirty-Sixth Annual Conference of the {C}ognitive {S}cience {S}ociety},
	Date-Added = {2015-05-26 16:44:55 +0000},
	Date-Modified = {2017-06-24 16:05:01 +0000},
	Pages = {719-724},
	Title = {Formalizing the pragmatics of metaphor understanding},
	Year = {2014}}

@article{lassitergoodman2015,
	Author = {Daniel Lassiter and Noah D. Goodman},
	Date-Added = {2015-05-12 16:27:23 +0000},
	Date-Modified = {2015-05-26 18:42:37 +0000},
	Journal = {Cognition},
	Pages = {123-134},
	Title = {How many kinds of reasoning? {I}nference, probability, and natural language semantics},
	Volume = {136},
	Year = {2015}}

@webpage{davies2011,
	Author = {Mark Davies},
	Date-Added = {2015-05-05 18:33:45 +0000},
	Date-Modified = {2015-05-05 18:37:21 +0000},
	Title = {\emph{Google Books Corpus}. ({B}ased on {G}oogle {B}ooks n-grams)},
	Url = {http://googlebooks.byu.edu/},
	Year = {2011--},
	Bdsk-Url-1 = {http://googlebooks.byu.edu/}}

@article{piantadosietal2012,
	Author = {Steven T. Piantadosi and Harry Tily and Edward Gibson},
	Date-Added = {2015-04-15 21:42:03 +0000},
	Date-Modified = {2018-12-18 09:44:03 -0800},
	Journal = {Cognition},
	Pages = {280-291},
	Title = {The communicative function of ambiguity in language},
	Volume = {122},
	Year = {2012}}

@electronic{bnc,
	Date-Added = {2015-04-13 22:31:13 +0000},
	Date-Modified = {2015-04-13 22:33:23 +0000},
	Title = {The {B}ritish {N}ational {C}orpus},
	Urldate = {2007}}

@article{goodmanstuhlmuller2013,
	Author = {Noah D. Goodman and Andreas Stuhlm\"{u}ller},
	Date-Added = {2015-04-09 22:14:56 +0000},
	Date-Modified = {2015-04-09 22:15:36 +0000},
	Journal = {Topics in Cognitive Science},
	Pages = {173-184},
	Title = {Knowledge and Implicature: Modeling Language Understanding as Social Cognition},
	Volume = {5},
	Year = {2013}}

@inproceedings{syrett2015,
	Author = {Kristen Syrett},
	Booktitle = {{BUCLD} 39 Proceedings},
	Date-Added = {2015-04-06 17:08:55 +0000},
	Date-Modified = {2015-04-06 17:09:54 +0000},
	Publisher = {Cascadilla Press},
	Title = {Mapping Properties to Individuals in Language Acquisition},
	Year = {2015}}

@article{kaoetal2014,
	Author = {Justine T Kao and Jean Y Wu and Leon Bergen and Noah D. Goodman},
	Date-Added = {2015-02-19 19:44:13 +0000},
	Date-Modified = {2015-02-19 19:46:10 +0000},
	Journal = {Proceedings of the National Academy of Sciences of the United States of America},
	Pages = {12002-12007},
	Title = {Non-literal understanding of number words},
	Volume = {111},
	Year = {2014}}

@incollection{bergenetal2012,
	Address = {Wheat Ridge, CO},
	Author = {Leon Bergen and Noah D. Goodman and Roger Levy},
	Booktitle = {Proceedings of the Thirty-Fourth Annual Conference of the {C}ognitive {S}cience {S}ociety},
	Date-Added = {2015-02-19 19:41:56 +0000},
	Date-Modified = {2015-02-19 19:46:51 +0000},
	Publisher = {Cognitive Science Society},
	Title = {That's what she (could have) said: How alternative utterances affect language use},
	Year = {2012}}

@unpublished{batesetal2014,
	Author = {Douglas Bates and Martin Maechler and Benjamin M. Bolker and Steven Walker},
	Date-Added = {2015-01-20 18:15:38 +0000},
	Date-Modified = {2015-01-20 18:19:55 +0000},
	Note = {ArXiv e-print; submitted to \emph{Journal of Statistical Software}; http://arxiv.org/abs/1406.5823},
	Title = {{lme4}: Linear mixes-effects models using {E}igen and {S}4},
	Year = {2014}}

@article{baayenetal2008,
	Author = {R. H. Baayen and D. J. Davidson and D. M. Bates},
	Date-Added = {2015-01-20 18:11:39 +0000},
	Date-Modified = {2015-01-20 18:14:52 +0000},
	Journal = {Journal of Memory and Language},
	Pages = {390-412},
	Title = {Mixed-effects modeling with crossed random effects for subjects and items},
	Volume = {59},
	Year = {2008}}

@article{diciccioefron1996,
	Author = {Thomas J. DiCiccio and Bradley Efron},
	Date-Added = {2015-01-16 21:42:42 +0000},
	Date-Modified = {2015-01-20 18:07:57 +0000},
	Journal = {Statistical Science},
	Pages = {189-228},
	Title = {Boostrap confidence intervals (with Discussion)},
	Volume = {11},
	Year = {1996}}

@phdthesis{vazquezrojas2012,
	Author = {Violeta {V\'{a}zquez Rojas Maldonado}},
	Date-Added = {2015-01-15 18:34:47 +0000},
	Date-Modified = {2015-01-15 18:38:08 +0000},
	School = {New York University},
	Title = {The Syntax and Semantics of {P}ur\'{e}pecha Noun Phrases and the Mass/Count Distinction},
	Year = {2012}}

@article{frankgoodman2012,
	Author = {Michael C. Frank and Noah D. Goodman},
	Date-Added = {2015-01-05 18:11:21 +0000},
	Date-Modified = {2015-01-05 18:12:43 +0000},
	Journal = {Science},
	Pages = {998-998},
	Title = {Predicting Pragmatic Reasoning in Language Games},
	Volume = {336},
	Year = {2012}}

@incollection{lassitergoodman2013,
	Author = {Daniel Lassiter and Noah D. Goodman},
	Booktitle = {Proceedings of {SALT} 23},
	Date-Added = {2015-01-05 18:09:07 +0000},
	Date-Modified = {2015-01-05 18:10:06 +0000},
	Editor = {Todd Snider},
	Pages = {587-610},
	Publisher = {CLC Publications},
	Title = {Context, scale structure, and statistics in the interpretation of positive-form adjectives},
	Year = {2013}}

@phdthesis{lassiter2011,
	Author = {Daniel Lassiter},
	Date-Added = {2015-01-05 17:43:11 +0000},
	Date-Modified = {2015-01-05 17:43:43 +0000},
	School = {New York University},
	Title = {Measurement and Modality: The Scalar Basis of Modal Semantics},
	Year = {2011}}

@book{levinson2000,
	Address = {Cambridge, MA},
	Author = {Stephen Levinson},
	Date-Added = {2015-01-02 18:55:45 +0000},
	Date-Modified = {2015-01-02 18:56:33 +0000},
	Publisher = {{MIT} Press},
	Title = {Presumptive meanings: The theory of generalized conversational implicature},
	Year = {2000}}

@inproceedings{lassiter2014salt,
	Author = {Daniel Lassiter},
	Booktitle = {Proceedings of {SALT} 24},
	Date-Added = {2014-11-24 19:16:27 +0000},
	Date-Modified = {2014-11-24 19:17:56 +0000},
	Editor = {Todd Snider},
	Title = {The weakness of \emph{must}: In defense of a Mantra},
	Year = {\emph{to appear}}}

@article{vonfintelgillies2010,
	Author = {Kai {von Fintel} and Anthony S. Gillies},
	Date-Added = {2014-11-24 19:08:54 +0000},
	Date-Modified = {2014-11-24 19:10:51 +0000},
	Journal = {Natural Language Semantics},
	Pages = {351-383},
	Title = {\emph{Must} \ldots\ stay \ldots\ strong!},
	Volume = {18},
	Year = {2010}}

@incollection{karttunen1972,
	Address = {New York},
	Author = {Lauri Karttunen},
	Booktitle = {Syntax and Semantics},
	Date-Added = {2014-11-21 17:22:15 +0000},
	Date-Modified = {2014-11-21 17:23:22 +0000},
	Editor = {J. Kimball},
	Pages = {1-20},
	Publisher = {Academic Press},
	Title = {\emph{Possible} and \emph{must}},
	Volume = {1},
	Year = {1972}}

@inproceedings{williams2012,
	Author = {Alexander Williams},
	Booktitle = {Proceedings of {SALT} 22},
	Date-Added = {2014-11-13 01:39:51 +0000},
	Date-Modified = {2014-11-13 01:40:28 +0000},
	Title = {Null complement anaphors as defininte descriptions},
	Year = {2012}}

@phdthesis{wasow1972,
	Author = {Thomas Wasow},
	Date-Added = {2014-11-13 01:39:23 +0000},
	Date-Modified = {2014-11-13 01:39:49 +0000},
	School = {Massachusetts Institute of Technology},
	Title = {Anaphoric relations in {E}nglish},
	Year = {1972}}

@article{shanbarker2006,
	Author = {{Chung-{C}hieh} Shan and Chris Barker},
	Date-Added = {2014-11-13 01:38:35 +0000},
	Date-Modified = {2014-11-21 00:20:41 +0000},
	Journal = {Linguistics and Philosophy},
	Pages = {91-134},
	Title = {Explaining crossover and superiority as left-to-right evaluation},
	Volume = {29},
	Year = {2006}}

@article{ruys2000,
	Author = {E. G. Ruys},
	Date-Added = {2014-11-13 01:37:47 +0000},
	Date-Modified = {2014-11-13 01:38:33 +0000},
	Journal = {Linguistic Inquiry},
	Pages = {513-539},
	Title = {Weak {C}rossover as a scope phenomenon},
	Volume = {31},
	Year = {2000}}

@phdthesis{ross1967,
	Author = {John Robert Ross},
	Date-Added = {2014-11-13 01:37:12 +0000},
	Date-Modified = {2014-11-13 01:37:39 +0000},
	School = {Massachusetts Institute of Technology},
	Title = {Constraints on variables in syntax},
	Year = {1967}}

@incollection{prince1995,
	Address = {Cambridge},
	Author = {Ellen Prince},
	Booktitle = {Towards a social science of language --- {A} festschrift for {W}illiam {L}abov},
	Date-Added = {2014-11-13 01:35:42 +0000},
	Date-Modified = {2014-11-13 01:37:11 +0000},
	Editor = {G. Guy and J. Baugh and D. Schiffrin},
	Pages = {223-235},
	Publisher = {Cambridge University Press},
	Title = {On {KIND}-sentences, resumptive pronouns, and relative clauses},
	Year = {1995}}

@book{postal1971,
	Address = {New York},
	Author = {Paul Postal},
	Date-Added = {2014-11-13 01:35:02 +0000},
	Date-Modified = {2014-11-13 01:35:41 +0000},
	Publisher = {Holt, Rinehard \& Winston},
	Title = {Crossover {P}henomena},
	Year = {1971}}

@book{nunes2004,
	Address = {Cambridge, MA},
	Author = {Jairo Nunes},
	Date-Added = {2014-11-13 01:34:07 +0000},
	Date-Modified = {2014-11-13 01:35:02 +0000},
	Publisher = {{MIT} Press},
	Title = {Linearization of {C}hains and {S}ideward {M}ovement},
	Year = {2004}}

@incollection{kroch1981,
	Address = {Chicago},
	Author = {Anthony Kroch},
	Booktitle = {Papers from the 17th regional meeting of the {C}hicago {L}inguistic {S}ociety},
	Date-Added = {2014-11-13 01:32:52 +0000},
	Date-Modified = {2014-11-13 01:34:06 +0000},
	Pages = {125-135},
	Publisher = {Chicago Linguistic Society},
	Title = {On the role of resumptive pronouns in amnestying island constraint violations},
	Year = {1981}}

@article{koopmansportiche1983,
	Author = {Hilda Koopman and Dominique Sportiche},
	Date-Added = {2014-11-13 01:32:03 +0000},
	Date-Modified = {2014-11-13 01:32:50 +0000},
	Journal = {The Linguistic Review},
	Pages = {139-160},
	Title = {Variables and the {B}ijection {P}rinciple},
	Volume = {2},
	Year = {1983}}

@article{kayne1983,
	Author = {Richard Kayne},
	Date-Added = {2014-11-13 01:31:11 +0000},
	Date-Modified = {2014-11-13 01:32:02 +0000},
	Journal = {Linguistic Inquiry},
	Pages = {223-249},
	Title = {Connectedness},
	Volume = {14},
	Year = {1983}}

@phdthesis{jacobson1977,
	Author = {Pauline Jacobson},
	Date-Added = {2014-11-13 01:30:30 +0000},
	Date-Modified = {2014-11-13 01:31:11 +0000},
	School = {University of California at Berkeley},
	Title = {The Syntax of Crossing Coreference Sentences},
	Year = {1977}}

@article{gauker2012,
	Author = {Christopher Gauker},
	Date-Added = {2014-11-13 01:29:10 +0000},
	Date-Modified = {2014-11-13 01:29:53 +0000},
	Journal = {No\^{u}s},
	Pages = {61-85},
	Title = {What is {T}ipper ready for? {A} semantics for incompletes predicates},
	Volume = {46},
	Year = {2012}}

@article{francez2010,
	Author = {Itamar Francez},
	Date-Added = {2014-11-13 01:28:12 +0000},
	Date-Modified = {2014-11-13 01:29:08 +0000},
	Journal = {Linguistics and Philosophy},
	Pages = {11-30},
	Title = {Context dependence and implicit arguments in existentials},
	Volume = {33},
	Year = {2010}}

@incollection{fillmore1986,
	Author = {Charles Fillmore},
	Booktitle = {Proceedings of the annual meeting of the {B}erkeley {L}inguistics {S}ociety},
	Date-Added = {2014-11-13 01:27:27 +0000},
	Date-Modified = {2014-11-13 01:28:11 +0000},
	Title = {Pragmatically controlled zero anaphora},
	Year = {1986}}

@incollection{condoravdigawron1996,
	Author = {Cleo Condoravdi and J. M. Gawron},
	Booktitle = {Quantifiers, {D}eduction and {C}ontext},
	Date-Added = {2014-11-13 01:26:21 +0000},
	Date-Modified = {2014-11-13 01:27:21 +0000},
	Pages = {1-32},
	Title = {The context-dependency of implicit arguments},
	Year = {1996}}

@book{chomsky1982,
	Address = {Cambridge, MA},
	Author = {Noam Chomsky},
	Date-Added = {2014-11-13 01:25:33 +0000},
	Date-Modified = {2014-11-13 01:26:20 +0000},
	Publisher = {{MIT} Press},
	Title = {Some {C}oncepts and {C}onsequences of the {T}heory of {G}overnment and {B}inding},
	Year = {1982}}

@article{chomsky1976,
	Author = {Noam Chomsky},
	Date-Added = {2014-11-13 01:24:52 +0000},
	Date-Modified = {2014-11-13 01:25:26 +0000},
	Journal = {Linguistic Analysis},
	Pages = {303-351},
	Title = {Conditions on Rules of Grammar},
	Volume = {2},
	Year = {1976}}

@book{chierchia1995,
	Address = {Chicago},
	Author = {Gennaro Chierchia},
	Date-Added = {2014-11-13 01:24:14 +0000},
	Date-Modified = {2014-11-13 01:24:50 +0000},
	Publisher = {University of Chicago Press},
	Title = {Dynamics of {M}eaning},
	Year = {1995}}

@article{buring2004,
	Author = {Daniel B\"{u}ring},
	Date-Added = {2014-11-13 01:23:28 +0000},
	Date-Modified = {2014-11-13 01:24:13 +0000},
	Journal = {Natural Language Semantics},
	Pages = {23-62},
	Title = {Crossover Situations},
	Volume = {12},
	Year = {2004}}

@unpublished{aounchoueiri1996,
	Author = {Joseph Aoun and Lina Choueiri},
	Date-Added = {2014-11-13 01:21:07 +0000},
	Date-Modified = {2014-11-13 01:22:24 +0000},
	Note = {MS, University of Southern California. URL: Southern California. Available from: http://www.usc.edu/dept/LAS/linguistics/semitic},
	Title = {Resumption and Last Resort},
	Year = {1996}}

@article{aounetal2001,
	Author = {Joseph Aoun and Lina Choueiri and Norbert Hornstein},
	Date-Added = {2014-11-13 01:21:04 +0000},
	Date-Modified = {2014-11-13 01:23:24 +0000},
	Journal = {Linguistic Inquiry},
	Pages = {371-???},
	Title = {Resumption, movement, and derivational economy},
	Volume = {32},
	Year = {2001}}

@article{corbett1979,
	Author = {Greville G. Corbett},
	Date-Added = {2014-11-11 22:53:07 +0000},
	Date-Modified = {2014-11-11 22:53:47 +0000},
	Journal = {Journal of Linguistics},
	Pages = {203-224},
	Title = {The Agreement Hierarchy},
	Volume = {15},
	Year = {1979}}

@article{vendler1957,
	Author = {Z. Vendler},
	Date-Added = {2014-11-11 00:05:00 +0000},
	Date-Modified = {2014-11-11 00:05:34 +0000},
	Journal = {Philosophical Review},
	Pages = {143-160},
	Title = {Verbs and Times},
	Volume = {66},
	Year = {1957}}

@incollection{rappaportlevin1998,
	Address = {Stanford, CA},
	Author = {M. Rappaport-Hovav and B. Levin},
	Booktitle = {The {P}rojection of {A}rguments},
	Date-Added = {2014-11-11 00:02:48 +0000},
	Date-Modified = {2014-11-11 00:04:58 +0000},
	Editor = {M. Butt and W. Geuder},
	Pages = {97-134},
	Publisher = {CSLI Publications},
	Title = {Building Verb Meanings},
	Year = {1998}}

@unpublished{platzack2008,
	Author = {C. Platzack},
	Date-Added = {2014-11-11 00:01:26 +0000},
	Date-Modified = {2014-11-11 00:02:47 +0000},
	Note = {Unpublished MS, Lund University},
	Title = {Cross linguistic variation in the realm of support verbs},
	Year = {2008}}

@book{parsons1994,
	Address = {Cambridge, MA},
	Author = {T. Parsons},
	Date-Added = {2014-11-11 00:00:29 +0000},
	Date-Modified = {2014-11-11 00:01:24 +0000},
	Publisher = {{MIT} Press},
	Series = {Currents {S}tudies in {L}inguistics},
	Title = {Events in the {S}emantics of {E}nglish},
	Volume = {19},
	Year = {1994}}

@incollection{lin2012,
	Address = {Taiwan},
	Author = {J. Lin},
	Date-Added = {2014-11-10 23:59:47 +0000},
	Date-Modified = {2014-11-11 00:00:26 +0000},
	Publisher = {National Tsing Hua University},
	Title = {Light Verbs},
	Year = {2012}}

@incollection{kratzer1996,
	Address = {Dordrecht},
	Author = {A. Kratzer},
	Booktitle = {Phrase {S}tructure and the {L}exicon},
	Date-Added = {2014-11-10 23:58:43 +0000},
	Date-Modified = {2014-11-10 23:59:45 +0000},
	Editor = {J. Rooryck and L. Zaring},
	Pages = {109-137},
	Publisher = {Kluwer},
	Title = {Severing the external argument from its verb},
	Year = {1996}}

@book{john1987,
	Address = {Trivandrum},
	Author = {A. P. John},
	Date-Added = {2014-11-10 23:57:40 +0000},
	Date-Modified = {2014-11-10 23:58:40 +0000},
	Publisher = {Dravidian Linguistics Association},
	Title = {The {S}emantics of {M}odality: A study based on {M}alayalam and {E}nglish},
	Year = {1987}}

@article{jayaseelan2014,
	Author = {K. A. Jayaseelan},
	Date-Added = {2014-11-10 23:56:57 +0000},
	Date-Modified = {2014-11-10 23:57:37 +0000},
	Journal = {Natural Language \& Linguistic Theory},
	Pages = {191-211},
	Title = {Coordination, Relativization and Finiteness in {D}ravidian},
	Volume = {32},
	Year = {2014}}

@article{jayaseelan2011,
	Author = {K. A. Jayaseelan},
	Date-Added = {2014-11-10 23:56:14 +0000},
	Date-Modified = {2014-11-10 23:56:47 +0000},
	Journal = {Lingua},
	Pages = {269-286},
	Title = {Comparative Morphology of Quantifiers},
	Volume = {121},
	Year = {2011}}

@article{jayaseelan2001b,
	Author = {K. A. Jayaseelan},
	Date-Added = {2014-11-10 23:55:24 +0000},
	Date-Modified = {2014-11-10 23:56:13 +0000},
	Journal = {Studia Linguistica},
	Pages = {39-75},
	Title = {{IP}-Internal {T}opic and {F}ocus {P}hrases},
	Volume = {5},
	Year = {2001}}

@article{jayaseelan2001,
	Author = {K. A. Jayaseelan},
	Date-Added = {2014-11-10 23:54:37 +0000},
	Date-Modified = {2014-11-10 23:55:23 +0000},
	Journal = {Syntax},
	Pages = {63-93},
	Title = {Questions and Question-word Incorporating Quantifiers in {M}alayalam},
	Year = {2001}}

@book{jackendoff1990,
	Address = {Cambridge, MA},
	Author = {R. Jackendoff},
	Date-Added = {2014-11-10 23:54:09 +0000},
	Date-Modified = {2014-11-10 23:54:36 +0000},
	Publisher = {{MIT} Press},
	Title = {Semantic {S}tructures},
	Year = {1990}}

@article{huang1997,
	Author = {C.-T. J. Huang},
	Date-Added = {2014-11-10 23:52:59 +0000},
	Date-Modified = {2014-11-10 23:54:06 +0000},
	Journal = {Chinese {L}anguages and {L}inguistics},
	Pages = {45-89},
	Title = {On Lexical Structure and Syntactic Projection},
	Volume = {3},
	Year = {1997}}

@incollection{hallemarantz1993,
	Address = {Cambridge, MA},
	Author = {M. Halle and A. Marantz},
	Booktitle = {The {V}iew from {B}uilding 20: {E}ssays in linguistics in honor of {S}ylvian {B}romberger},
	Date-Added = {2014-11-10 23:51:44 +0000},
	Date-Modified = {2014-11-10 23:52:53 +0000},
	Editor = {K. Hale and S. J. Keyser},
	Pages = {111-176},
	Publisher = {{MIT} Press},
	Title = {Distributed {M}orphology and the Piece of Inflection},
	Year = {1993}}

@incollection{Grice1975:Logic-and-Conve,
	Address = {New York},
	Author = {Paul Herbert Grice},
	Booktitle = {Syntax and Semantics, Vol.~3, Speech Acts},
	Editor = {Peter Cole and Jerry L. Morgan},
	Pages = {41--58},
	Publisher = {Academic Press},
	Title = {Logic and Conversation},
	Year = {1975}}

@incollection{halekeyser1993,
	Address = {Cambridge, MA},
	Author = {K. Hale and S. J. Keyser},
	Booktitle = {The {V}iew from {B}uilding 20: {E}ssays in linguistics in honor of {S}ylvian {B}romberger},
	Date-Added = {2014-11-10 23:50:17 +0000},
	Date-Modified = {2014-11-10 23:51:43 +0000},
	Editor = {K. Hale and S. J. Keyser},
	Publisher = {{MIT} Press},
	Title = {On Argument Structure and the Lexical Expression of Syntactic Relations},
	Year = {1993}}

@incollection{hale2007,
	Author = {M. Hale},
	Booktitle = {Historical {L}inguistics: Theory and {M}ethod},
	Date-Added = {2014-11-10 23:49:18 +0000},
	Date-Modified = {2014-11-10 23:50:15 +0000},
	Pages = {147-221},
	Publisher = {Blackwell},
	Title = {Part {III}: Syntactic Change},
	Year = {2007}}

@incollection{hagstrom1996,
	Author = {P. Hagstrom},
	Booktitle = {{SICOGG} 1996 {P}roceedings},
	Date-Added = {2014-11-10 23:48:24 +0000},
	Date-Modified = {2014-11-10 23:49:16 +0000},
	Title = {\emph{Do}-support in {K}orean: Evidence for an interpretive mophology},
	Year = {1996}}

@incollection{haddican2005,
	Author = {B. Haddican},
	Booktitle = {Penn {W}orking {P}apers in {L}inguistics. {P}roceedings of {PLC} 29},
	Date-Added = {2014-11-10 23:46:56 +0000},
	Date-Modified = {2014-11-11 00:09:34 +0000},
	Title = {On {E}gin: Do-support and Verb Focalization in {C}entral and {W}estern {B}asque},
	Year = {2005}}

@book{grimshaw1990,
	Address = {Cambridge, MA},
	Author = {J. B. Grimshaw},
	Date-Added = {2014-11-10 23:46:21 +0000},
	Date-Modified = {2014-11-10 23:46:52 +0000},
	Publisher = {{MIT} Press},
	Title = {Argument {S}tructure},
	Year = {1990}}

@book{chomskey1957,
	Address = {The {H}ague},
	Author = {N. Chomsky},
	Date-Added = {2014-11-10 23:45:01 +0000},
	Date-Modified = {2014-11-10 23:45:34 +0000},
	Publisher = {Mouton},
	Title = {Syntactic {S}tructures},
	Year = {1957}}

@incollection{cho1994,
	Author = {D. Cho},
	Booktitle = {Theoretical {I}ssues in {K}orean {L}inguistics},
	Date-Added = {2014-11-10 23:43:42 +0000},
	Date-Modified = {2014-11-10 23:44:49 +0000},
	Editor = {Y. Kim-Renaud},
	Pages = {233-254},
	Publisher = {CSLI Publications},
	Title = {Functional Projections and Verb Movement},
	Year = {1994}}

@incollection{bakerharvey2010,
	Address = {Cambridge},
	Author = {B. Baker and M. Harvey},
	Booktitle = {Complex {P}redicates: {C}ross-linguistic {P}erspectives on {E}vent {S}tructure},
	Date-Added = {2014-11-10 23:42:31 +0000},
	Date-Modified = {2014-11-10 23:43:39 +0000},
	Pages = {13-46},
	Publisher = {Cambridge University Press},
	Title = {Complex Predicate Formation},
	Year = {2010}}

@book{asherkumari1997,
	Address = {London},
	Author = {R. E. Asher and T. C. Kumari},
	Date-Added = {2014-11-10 23:41:49 +0000},
	Date-Modified = {2014-11-10 23:42:29 +0000},
	Publisher = {Routledge},
	Series = {Descriptive {G}rammars},
	Title = {Malayalam},
	Year = {1997}}

@book{andronov2001,
	Author = {M. S. Andronov},
	Date-Added = {2014-11-10 23:41:14 +0000},
	Date-Modified = {2014-11-10 23:41:46 +0000},
	Publisher = {Lincom Publishers},
	Title = {Dravidian {H}istorical {L}inguistics},
	Year = {2001}}

@article{sabaliauskas1963,
	Author = {Algirdas Sabaliauskas},
	Date-Added = {2014-11-10 19:09:49 +0000},
	Date-Modified = {2014-11-10 19:12:18 +0000},
	Journal = {Lietuvi\k{u} kalbotyros klausimai},
	Pages = {109-136},
	Title = {Balt\k{u} ir {P}abaltijo suomi\k{u} kalb\k{u} santykiai},
	Volume = {6},
	Year = {1963}}

@article{laakmann1939,
	Author = {Heinrich Laakmann},
	Date-Added = {2014-11-10 19:08:48 +0000},
	Date-Modified = {2014-11-10 19:09:40 +0000},
	Journal = {Baltische Lande},
	Pages = {204-262},
	Title = {Estland und {L}ivland in fr\"{u}hgeschichtlicher {Z}eit},
	Volume = {1},
	Year = {1939}}

@incollection{janse2002,
	Address = {Oxford},
	Author = {Mark Janse},
	Booktitle = {Bilingualism in {A}ncient {S}ociety: {L}anguage {C}ontact and the {W}ritten {T}ext},
	Date-Added = {2014-11-10 19:07:18 +0000},
	Date-Modified = {2014-11-10 19:08:42 +0000},
	Editor = {James Noel Adams and Mark Janse and Simon Swain},
	Pages = {332-390},
	Publisher = {Oxford University Press},
	Title = {Aspects of bilingualism in the history of the {G}reek language},
	Year = {2002}}

@article{decsy1967,
	Author = {Gyula D\'{e}csy},
	Date-Added = {2014-11-10 19:06:25 +0000},
	Date-Modified = {2014-11-10 19:07:04 +0000},
	Journal = {Orbis},
	Pages = {150-160},
	Title = {Is there a {F}innic substratum in {R}ussian?},
	Volume = {16},
	Year = {1967}}

@book{abakumov1942,
	Address = {Moscow},
	Author = {Sergej I. Abakumov},
	Date-Added = {2014-11-10 19:05:34 +0000},
	Date-Modified = {2014-11-10 19:06:16 +0000},
	Title = {Sovremennyj russkij literaturnyj jazyk},
	Year = {1942}}

@book{jamisonbrereton2014,
	Address = {Oxford},
	Author = {Stephanie W. Jamison and Joel P. Brereton},
	Date-Added = {2014-11-10 18:32:45 +0000},
	Date-Modified = {2014-11-10 18:35:24 +0000},
	Publisher = {Oxford University Press},
	Title = {The {R}igveda: The {E}arliest {R}eligious {P}oetry of {I}ndia},
	Year = {2014}}

@article{yatabe1999,
	Author = {S Yatabe},
	Date-Added = {2014-10-29 22:24:49 +0000},
	Date-Modified = {2014-10-29 22:25:32 +0000},
	Journal = {Language, Information, Text},
	Pages = {79-104},
	Title = {Particle ellipsis and focus projection in {J}apanese},
	Volume = {6},
	Year = {1999}}

@phdthesis{tsutsui1984,
	Author = {M Tsutsui},
	Date-Added = {2014-10-29 22:24:06 +0000},
	Date-Modified = {2014-10-29 22:24:48 +0000},
	School = {University of Illinois, Urbana-Champaign},
	Title = {Particle ellipses in {J}apanese},
	Year = {1984}}

@incollection{tsimplisorace2006,
	Address = {Somerville, MA},
	Author = {I. Tsimpli and A. Sorace},
	Booktitle = {Proceedings of the 30th Annual {B}oston {U}niversity Conference on Language Development},
	Date-Added = {2014-10-29 22:22:28 +0000},
	Date-Modified = {2014-10-30 22:50:14 +0000},
	Editor = {D. Bamman and T. Magnitskaia and C. Zaller},
	Pages = {653-664},
	Publisher = {Cascadilla Press},
	Title = {Differntiating interfaces: {L}2 performance in syntax-semantic and syntax-discourse phenomena},
	Year = {2006}}

@article{tsimplietal2004,
	Author = {I. Tsimpli and A. Sorace and C. Heycock and F. Filiaci},
	Date-Added = {2014-10-29 22:21:28 +0000},
	Date-Modified = {2014-10-30 22:49:55 +0000},
	Journal = {International Journal of Bilingualism},
	Pages = {257-277},
	Title = {First language attrition and syntactic subjects: A study of {G}reek and {I}talian near-native speakers of {E}nglish},
	Volume = {8},
	Year = {2004}}

@article{soraceserratrice2009,
	Author = {A. Sorace and L. Serratrice},
	Date-Added = {2014-10-29 22:20:38 +0000},
	Date-Modified = {2014-10-30 22:49:38 +0000},
	Journal = {International Journal of Bilingualism},
	Pages = {195-210},
	Title = {Internal and external interfaces in bilingual language development: Beyond structural overlap},
	Volume = {13},
	Year = {2009}}

@article{sorace2011,
	Author = {A Sorace},
	Date-Added = {2014-10-29 22:20:03 +0000},
	Date-Modified = {2014-10-29 22:20:37 +0000},
	Journal = {Linguistic Approaches to Bilingualism},
	Pages = {1-33},
	Title = {Pinning down the concept of `interface' in bilingualism},
	Volume = {1},
	Year = {2011}}

@article{sorace2004,
	Author = {A Sorace},
	Date-Added = {2014-10-29 22:19:21 +0000},
	Date-Modified = {2014-10-29 22:20:02 +0000},
	Journal = {Bilingualism: Language and Cognition},
	Pages = {143-145},
	Title = {Native language attrition and developmental instability at the syntax-discourse interface: Data, interpretations and methods},
	Volume = {7},
	Year = {2004}}

@article{shimojo2006,
	Author = {M Shimojo},
	Date-Added = {2014-10-29 22:18:48 +0000},
	Date-Modified = {2014-10-29 22:19:17 +0000},
	Journal = {Toronto Working Papers in Linguistics},
	Pages = {123-140},
	Title = {Properties of particle `omission' revisited},
	Volume = {26},
	Year = {2006}}

@article{serratriceetal2004,
	Author = {L. Serratrice and A. Sorace and S. Paoli},
	Date-Added = {2014-10-29 22:17:33 +0000},
	Date-Modified = {2014-10-30 22:49:18 +0000},
	Journal = {Bilingualism: Language and Cognition},
	Pages = {183-205},
	Title = {Crosslinguitic influence at the syntax-pragmatics interface: Subjects and objects in {E}nglish-{I}talian bilingual and monolingual acquisition},
	Volume = {7},
	Year = {2004}}

@incollection{rothman2007,
	Address = {Amsterdam},
	Author = {J. Rothman},
	Booktitle = {Romance Languages and Linguistic Theory},
	Date-Added = {2014-10-29 22:16:14 +0000},
	Date-Modified = {2014-10-30 22:49:04 +0000},
	Editor = {S. Baauw and F. Dirjkoningen and M. Pinto},
	Pages = {299-320},
	Publisher = {John Benjamins},
	Title = {Pragmatic solutions for syntactic problems: Understanding some {L}2 syntactic errors in terms of pragmatic deficits},
	Year = {2007}}

@incollection{rizzi1997,
	Address = {Dordrecht},
	Author = {L. Rizzi},
	Booktitle = {Elements of Grammar. Handbook in Generative Syntax},
	Date-Added = {2014-10-29 22:15:08 +0000},
	Date-Modified = {2014-10-30 22:48:43 +0000},
	Editor = {L. Haegeman},
	Pages = {281-337},
	Publisher = {Kluwer},
	Title = {The fine structure of the left periphery},
	Year = {1997}}

@article{polio1995,
	Author = {C Polio},
	Date-Added = {2014-10-29 22:14:04 +0000},
	Date-Modified = {2014-10-30 22:48:18 +0000},
	Journal = {Studies in Second Language Acquisition},
	Pages = {353-377},
	Title = {Acquiring nothing? {T}he use of zero pronouns by nonnative speakers of {C}hinese and the implications for the acquisition of nominal reference},
	Volume = {17},
	Year = {1995}}

@article{polinsky2011,
	Author = {M. Polinsky},
	Date-Added = {2014-10-29 22:13:22 +0000},
	Date-Modified = {2014-10-30 22:48:07 +0000},
	Journal = {Studies in Second Language Acquisition},
	Pages = {305-328},
	Title = {Reanalysis in adult heritage language: A case for attrition},
	Volume = {33},
	Year = {2011}}

@incollection{polinsky2008b,
	Address = {Amsterdam},
	Author = {M. Polinsky},
	Booktitle = {Case and grammatical relations},
	Date-Added = {2014-10-29 22:12:36 +0000},
	Date-Modified = {2014-10-30 22:48:00 +0000},
	Editor = {G. Corbett and M. Noonan},
	Pages = {263-282},
	Publisher = {John Benjamins},
	Title = {Without aspect},
	Year = {2008}}

@incollection{polinsky2008a,
	Address = {New York},
	Author = {M. Polinsky},
	Booktitle = {Heritage language education: A new field emerging},
	Date-Added = {2014-10-29 22:11:38 +0000},
	Date-Modified = {2014-10-30 22:47:49 +0000},
	Editor = {D. Brinton and O. Kagan and S. Bauckus},
	Pages = {149-164},
	Publisher = {Routledge},
	Title = {Heritage language narratives},
	Year = {2008}}

@article{polinsky2006,
	Author = {M. Polinsky},
	Date-Added = {2014-10-29 22:11:00 +0000},
	Date-Modified = {2014-10-30 22:47:36 +0000},
	Journal = {Journal of Slavic Linguistics},
	Pages = {2006},
	Title = {Incomplete acquisition: American {R}ussian},
	Volume = {14},
	Year = {2006}}

@incollection{polinsky1997,
	Address = {Ann Arbor},
	Author = {M. Polinsky},
	Booktitle = {Annual workshop on formal approaches to {S}lavic linguistics: The {C}ornell Meeting},
	Date-Added = {2014-10-29 22:09:49 +0000},
	Date-Modified = {2014-10-30 22:47:26 +0000},
	Editor = {W. Browne},
	Pages = {370-406},
	Publisher = {Michigan Slavic Publications},
	Title = {American {R}ussian: Language loss meets language acquisition},
	Year = {1997}}

@article{platzack2001,
	Author = {C Platzack},
	Date-Added = {2014-10-29 22:09:11 +0000},
	Date-Modified = {2014-10-29 22:09:48 +0000},
	Journal = {Brain and Language},
	Pages = {364-377},
	Title = {The vulnerable {C}-domain},
	Volume = {77},
	Year = {2001}}

@incollection{perezglass1997,
	Address = {Somerville, MA},
	Author = {A. T. P\'{e}rez-Leroux and W. R. Glass},
	Booktitle = {Contemporary perspectives on the acquisition of {S}panish. Vol. {I}: {D}eveloping {G}rammars},
	Date-Added = {2014-10-29 22:07:18 +0000},
	Date-Modified = {2014-10-29 22:09:07 +0000},
	Editor = {A. T. P\'{e}rez-Leroux and W. R. Glass},
	Pages = {149-165},
	Publisher = {Cascadilla Press},
	Title = {OPC effects on the {L}2 acuisition of {S}panish},
	Year = {1997}}

@incollection{nakanishi2001,
	Author = {K. Nakanishi},
	Booktitle = {Japanese/{K}orean Linguistics},
	Date-Added = {2014-10-29 22:05:56 +0000},
	Date-Modified = {2014-10-30 22:47:02 +0000},
	Editor = {N. Akatsuka and S. Strauss},
	Pages = {434-447},
	Title = {Prosody and information structure in {J}apanese: A case study of topic marker \emph{wa}},
	Volume = {10},
	Year = {2001}}

@article{mullerhulk2001,
	Author = {N. M\"{u}ller and A. Hulk},
	Date-Added = {2014-10-29 22:05:04 +0000},
	Date-Modified = {2014-10-30 22:46:49 +0000},
	Journal = {Bilingualism: Language and Cognition},
	Pages = {1-21},
	Title = {Crosslinguistic influence in bilingual language acquisition: {I}talian and {F}rench as recipient languages},
	Volume = {4},
	Year = {2001}}

@article{montruletal2008,
	Author = {S. Montrul and R. Foote and S. Perpi{\~{n}}\'{a}n},
	Date-Added = {2014-10-29 22:03:37 +0000},
	Date-Modified = {2014-10-30 22:46:23 +0000},
	Journal = {Language Learning: A Journal of Research in Linguistic Studies},
	Pages = {503-553},
	Title = {Gender agreement in adult second language learners and {S}panish heritage speakers: The effects of age and context of acquisition},
	Volume = {58},
	Year = {2008}}

@article{montrul2004,
	Author = {S Montrul},
	Date-Added = {2014-10-29 22:02:57 +0000},
	Date-Modified = {2014-10-29 22:03:36 +0000},
	Journal = {Bilingualism: Language and Cognition},
	Pages = {125-142},
	Title = {Subject and object expression in {S}panish heritage speakers: A case of morphosyntactic convergence},
	Volume = {7},
	Year = {2004}}

@article{montrul2002,
	Author = {S Montrul},
	Date-Added = {2014-10-29 22:01:59 +0000},
	Date-Modified = {2014-10-29 22:02:55 +0000},
	Journal = {Bilingualism: Language and Cognition},
	Pages = {39-68},
	Title = {Incomplete acquisition and attrition of {S}panish tense/aspect distinctions in adult bilinguals},
	Volume = {5},
	Year = {2002}}

@phdthesis{maynard1980,
	Author = {S. K. Maynard},
	Date-Added = {2014-10-29 22:01:06 +0000},
	Date-Modified = {2014-10-30 22:45:46 +0000},
	School = {Northwestern University},
	Title = {Discourse functions of the {J}apanese theme marker `wa'},
	Year = {1980}}

@article{leethompson1989,
	Author = {H. S. Lee and S. A. Thompson},
	Date-Added = {2014-10-29 22:00:21 +0000},
	Date-Modified = {2014-10-30 22:45:37 +0000},
	Journal = {Studies in Language},
	Pages = {105-128},
	Title = {A discourse account of the {K}orean accusative marker},
	Volume = {13},
	Year = {1989}}

@incollection{langacker2000,
	Address = {Stanford},
	Author = {R. Langacker},
	Booktitle = {Usage-based Models of Language},
	Date-Added = {2014-10-29 21:59:26 +0000},
	Date-Modified = {2014-10-30 22:45:22 +0000},
	Editor = {M. Barlow and S. Kemmer},
	Publisher = {CSLI},
	Title = {A dynamic usage-based model},
	Year = {2000}}

@article{kuroda1965,
	Author = {S.-Y. Kuroda},
	Date-Added = {2014-10-29 21:58:29 +0000},
	Date-Modified = {2014-10-29 21:59:03 +0000},
	Journal = {Foundations of Language},
	Pages = {30-50},
	Title = {Causative forms in {J}apanese},
	Volume = {1},
	Year = {1965}}

@article{kuno1972,
	Author = {S Kuno},
	Date-Added = {2014-10-29 21:57:38 +0000},
	Date-Modified = {2014-10-29 21:58:28 +0000},
	Journal = {Linguistic Inquiry},
	Pages = {269-320},
	Title = {Functional sentence perspective: A case study from {J}apanese and {E}nglish},
	Volume = {3},
	Year = {1972}}

@book{kuno1973,
	Address = {Cambridge, MA},
	Author = {S Kuno},
	Date-Added = {2014-10-29 21:57:09 +0000},
	Date-Modified = {2014-10-29 21:57:38 +0000},
	Publisher = {{MIT} Press},
	Title = {The Structure of the {J}apanese Language},
	Year = {1973}}

@book{koornneef2008,
	Address = {Utrecht},
	Author = {A Koornneef},
	Date-Added = {2014-10-29 21:56:29 +0000},
	Date-Modified = {2014-10-29 21:57:07 +0000},
	Publisher = {LOT International},
	Title = {Eye-catching Anaphora},
	Year = {2008}}

@article{hulkmuller2000,
	Author = {A. Hulk and N. M\"{u}ller},
	Date-Added = {2014-10-29 21:55:40 +0000},
	Date-Modified = {2014-10-30 22:44:41 +0000},
	Journal = {Bilingualism: Language and Cognition},
	Pages = {227-244},
	Title = {Bilingual first language acquisition at the interface between syntax and pragmatics},
	Volume = {3},
	Year = {2000}}

@book{givon1979,
	Address = {New York},
	Author = {T Giv\'{o}n},
	Date-Added = {2014-10-29 21:55:07 +0000},
	Date-Modified = {2014-10-29 21:55:36 +0000},
	Publisher = {Academic Press},
	Title = {On Understanding Grammar},
	Year = {1979}}

@incollection{chomskymiller1963,
	Address = {New York},
	Author = {N. Chomsky and G. Miller},
	Booktitle = {Handbook of Mathematical Philosophy},
	Date-Added = {2014-10-29 21:53:46 +0000},
	Date-Modified = {2014-10-30 22:44:26 +0000},
	Editor = {R. D. Lee and R. R. Bush and E. Galanter},
	Pages = {269-321},
	Publisher = {Wiley},
	Title = {Introduction to the formal analysis of natural languages},
	Volume = {2},
	Year = {1963}}

@book{choi1999,
	Address = {Stanford},
	Author = {H. W. Choi},
	Date-Added = {2014-10-29 21:52:54 +0000},
	Date-Modified = {2014-10-30 22:43:54 +0000},
	Publisher = {CSLI},
	Title = {Optimizing Structure in Context: Scrambling and Information Structure},
	Year = {1999}}

@article{bosetal2004,
	Author = {P. Bos and B. Hollebrandse and P. Sleeman},
	Date-Added = {2014-10-29 21:51:44 +0000},
	Date-Modified = {2014-10-30 22:43:43 +0000},
	Journal = {International Review of Applied Linguistics in Language Teaching},
	Pages = {101-110},
	Title = {Introduction: The Pragmatics-Syntax and the Semantics-Syntax Interface in Acquisition},
	Volume = {42},
	Year = {2004}}

@unpublished{benmamounetal2010,
	Author = {E. Benmamoun and S. Montrul and M. Polinsky},
	Date-Added = {2014-10-29 21:50:21 +0000},
	Date-Modified = {2014-10-30 22:43:29 +0000},
	Note = {White paper, Univeristy of Illinois at Urbana-Champaign and Harvard University. Retrieved from http://www.nhlrc.ucla.edu/pdf/HL-whitepaper.pdf},
	Title = {Prolegomena to heritage linguistics},
	Year = {2010}}

@book{avrutin1999,
	Address = {Dordrecht},
	Author = {S Avrutin},
	Date-Added = {2014-10-29 21:49:37 +0000},
	Date-Modified = {2014-10-29 21:50:19 +0000},
	Publisher = {Kluwer},
	Title = {Development of the Syntax-Discourse Interface},
	Year = {1999}}

@article{argyrisorace2007,
	Author = {E. Argyri and A. Sorace},
	Date-Added = {2014-10-29 21:48:29 +0000},
	Date-Modified = {2014-10-30 22:43:15 +0000},
	Journal = {Bilingualism: Language and Cognition},
	Pages = {79-99},
	Title = {Cross-linguistic influence and language dominance in older bilingual children},
	Volume = {10},
	Year = {2007}}

@book{Roberts2007,
	Address = {Oxford},
	Author = {Ian Roberts},
	Date-Added = {2014-10-28 20:17:19 +0000},
	Date-Modified = {2014-11-10 18:31:05 +0000},
	Publisher = {Oxford University Press},
	Title = {Diachronic {S}yntax},
	Year = {2007}}

@book{Steinbach2002,
	Address = {Amsterdam and Philadelphia},
	Author = {Markus Steinbach},
	Date-Added = {2014-10-28 20:06:31 +0000},
	Date-Modified = {2014-11-10 18:32:00 +0000},
	Publisher = {John Benjamins},
	Title = {Middle {V}oice: A {C}omparative {S}tudy in the {S}yntax-{S}emantics {I}nterface of {G}erman},
	Year = {2002}}

@book{Safir2004,
	Address = {Oxford},
	Author = {Ken Safir},
	Date-Added = {2014-10-28 20:06:11 +0000},
	Date-Modified = {2014-11-10 18:31:26 +0000},
	Publisher = {Oxford University Press},
	Title = {The {S}yntax of {A}naphora},
	Year = {2004}}

@book{Rooryck2011,
	Address = {Oxford},
	Author = {Johan Rooryck and Guido {Vanden Wyngaerd}},
	Date-Added = {2014-10-28 20:05:23 +0000},
	Date-Modified = {2014-11-10 17:59:40 +0000},
	Publisher = {Oxford University Press},
	Title = {Dissolving {B}inding {T}heory},
	Year = {2011}}

@book{Reuland2011,
	Address = {Cambridge, MA},
	Author = {E. J. Reuland},
	Date-Added = {2014-10-28 20:04:59 +0000},
	Date-Modified = {2014-11-10 18:30:55 +0000},
	Publisher = {{MIT} Press},
	Title = {Anaphora and {L}anguage {D}esign},
	Year = {2011}}

@article{Reinhart2005,
	Author = {Tanya Reinhart and Tal Siloni},
	Date-Added = {2014-10-28 20:04:17 +0000},
	Date-Modified = {2014-10-28 20:04:57 +0000},
	Journal = {Linguistic Inquiry},
	Pages = {389-436},
	Title = {The lexicon-syntax parameter: Reflexivization and other arity operations},
	Volume = {36},
	Year = {2005}}

@article{Reinhart1993,
	Author = {Tanya Reinhart and Eric J. Reuland},
	Date-Added = {2014-10-28 20:03:24 +0000},
	Date-Modified = {2014-10-28 20:04:06 +0000},
	Journal = {Linguistic Inquiry},
	Pages = {657-720},
	Title = {Reflexivity},
	Volume = {24},
	Year = {1993}}

@article{Patel2013,
	Author = {Pritty Patel-Grosz},
	Date-Added = {2014-10-28 20:02:34 +0000},
	Date-Modified = {2014-11-10 18:30:42 +0000},
	Journal = {Journal of South Asian Linguistics},
	Pages = {25-50},
	Title = {Complex reflexives and the {P}rinciple {A} problem},
	Volume = {6},
	Year = {2013}}

@article{Kulikov2007,
	Author = {Leonid Kulikov},
	Date-Added = {2014-10-28 20:01:34 +0000},
	Date-Modified = {2014-10-28 20:02:29 +0000},
	Journal = {Lingua},
	Pages = {1412-1433},
	Title = {The reflexive pronouns in {V}edic: A diachronic and typological perspective},
	Volume = {117},
	Year = {2007}}

@book{Klaiman1991,
	Address = {Cambridge},
	Author = {M H Klaiman},
	Date-Added = {2014-10-28 20:01:06 +0000},
	Date-Modified = {2014-11-10 18:29:55 +0000},
	Publisher = {Cambridge University Press},
	Title = {Grammatical {V}oice},
	Year = {1991}}

@book{Kemmer1993,
	Address = {Amsterdam},
	Author = {Suzanne Kemmer},
	Date-Added = {2014-10-28 20:00:37 +0000},
	Date-Modified = {2014-11-10 18:29:43 +0000},
	Publisher = {John Benjamins},
	Title = {The {M}iddle {V}oice},
	Year = {1993}}

@incollection{Hock2006,
	Author = {Hans Henrich Hock},
	Booktitle = {Themes and {T}asks in {O}ld and {M}iddle {I}ndo-{A}ryan {L}inguistics},
	Date-Added = {2014-10-28 19:59:45 +0000},
	Date-Modified = {2014-11-10 18:28:59 +0000},
	Editor = {E Pirart},
	Pages = {19-44},
	Title = {Reflexivization in the {R}ig-{V}eda (and beyond)},
	Year = {2006}}

@incollection{Hock1991,
	Address = {Delhi},
	Author = {Hans Henrich Hock},
	Booktitle = {Studies in {S}anskrit {S}yntax},
	Date-Added = {2014-10-28 19:58:22 +0000},
	Date-Modified = {2014-11-10 18:28:33 +0000},
	Editor = {Hans Henrich Hock},
	Publisher = {Motilal Banarsidass},
	Title = {Possessive agents in {S}anskrit?},
	Year = {1991}}

@phdthesis{Faltz1977,
	Author = {Leonard Faltz},
	Date-Added = {2014-10-28 19:57:41 +0000},
	Date-Modified = {2014-11-10 18:28:14 +0000},
	School = {University of California at Berkeley},
	Title = {Reflexivization: A {S}tudy in {U}niversal {S}yntax},
	Year = {1977}}

@incollection{Embick1998,
	Address = {Cambridge, MA},
	Author = {David Embick},
	Booktitle = {Papers from the {P}enn/{MIT} {R}oundtable on {A}rgument {S}tructure and {A}spect, {M}ay 1997},
	Date-Added = {2014-10-28 19:56:34 +0000},
	Date-Modified = {2014-11-10 18:27:44 +0000},
	Editor = {Heidi Harley},
	Publisher = {MITWPL},
	Title = {Voice systems and the syntax/morphology interface},
	Year = {1998}}

@book{DenDikken2006,
	Address = {Cambridge, MA},
	Author = {Marcel den Dikken},
	Date-Added = {2014-10-28 19:55:45 +0000},
	Date-Modified = {2014-11-10 18:26:56 +0000},
	Publisher = {{MIT} Press},
	Title = {Relators and {L}inkers},
	Year = {2006}}

@incollection{Chomsky2001,
	Address = {Cambridge, MA},
	Author = {Noam Chomsky},
	Booktitle = {Ken {H}ale: {A} {L}ife in {L}anguage},
	Date-Added = {2014-10-28 19:55:03 +0000},
	Date-Modified = {2014-11-10 18:26:41 +0000},
	Editor = {M Kenstowicz},
	Publisher = {{MIT} Press},
	Title = {Derivation by phase},
	Year = {2001}}

@incollection{Chomsky2000,
	Address = {Cambridge, MA},
	Author = {Noam Chomsky},
	Booktitle = {Step by {S}tep: {E}ssays on {M}inimalist {S}yntax in {H}onor of {H}oward {L}asnik},
	Date-Added = {2014-10-28 19:54:00 +0000},
	Date-Modified = {2014-11-10 18:26:20 +0000},
	Publisher = {{MIT} Press},
	Title = {Minimalist inquiries: The framework},
	Year = {2000}}

@book{Chomsky1981,
	Address = {Dordrecht},
	Author = {Noam Chomsky},
	Date-Added = {2014-10-28 19:53:34 +0000},
	Date-Modified = {2014-11-10 18:22:11 +0000},
	Publisher = {Foris},
	Title = {Lectures on {G}overnment and {B}inding},
	Year = {1981}}

@incollection{Chierchia2004,
	Author = {Gennaro Chierchia},
	Booktitle = {The {U}naccusativity {P}uzzle},
	Date-Added = {2014-10-28 19:52:23 +0000},
	Date-Modified = {2014-11-10 18:21:53 +0000},
	Editor = {A Alexiadou and E Anagnostopoulou and M Everaert},
	Pages = {22-59},
	Publisher = {Oxford University Press},
	Title = {A semantics for unaccusatives and its syntactic consequences},
	Year = {2004}}

@incollection{Charnavel2009,
	Author = {Isabelle Charnavel and Flavia Adani and Nina Hyams},
	Booktitle = {Proceedings of the {T}enth {T}okyo {C}onference on {P}sycholinguistics},
	Date-Added = {2014-10-28 19:51:31 +0000},
	Date-Modified = {2014-11-10 18:21:38 +0000},
	Title = {The online processing of {F}rench reflexives: Experimental evidence for an unaccusative analysis},
	Year = {2009}}

@article{AlexiadouDoron,
	Author = {Artemis Alexiadou and Edit Doron},
	Date-Added = {2014-10-28 19:50:29 +0000},
	Date-Modified = {2014-10-28 19:51:17 +0000},
	Journal = {Journal of Linguistics},
	Pages = {1-34},
	Title = {The syntactic construction of two non-active voices: Passive and middle},
	Volume = {48},
	Year = {2012}}

@book{zirnite2011,
	Author = {M\={a}ra Zirn\={\i}te},
	Date-Added = {2014-10-27 23:21:32 +0000},
	Date-Modified = {2014-10-27 23:22:15 +0000},
	Publisher = {The ``Baltic Green Belt'' Project},
	Title = {Livonians in Northern Kurzeme},
	Year = {2011}}

@book{zinkevicius1998,
	Address = {Vilnius},
	Author = {Zigmas Zinkevi\v{c}ius},
	Date-Added = {2014-10-27 23:20:36 +0000},
	Date-Modified = {2014-11-11 22:56:03 +0000},
	Publisher = {Mokslo ir enciklopediju leidybos institutas},
	Title = {The history of the {L}ithuanian language},
	Year = {1998}}

@book{zeps1962,
	Author = {Valdis J Zeps},
	Date-Added = {2014-10-27 23:19:29 +0000},
	Date-Modified = {2014-10-27 23:20:17 +0000},
	Publisher = {Indiana University Publications},
	Title = {Latvian and {F}innic linguistic convergences},
	Year = {2002}}

@book{zaliznjak2002,
	Address = {Moscow},
	Author = {Andrej A Zaliznjak},
	Date-Added = {2014-10-27 23:18:31 +0000},
	Date-Modified = {2014-10-27 23:19:26 +0000},
	Publisher = {Jazyki slavjanskoj kul'tury},
	Title = {Russkoe imennoe slovoizmenenie},
	Year = {2002}}

@article{wolfel1928,
	Author = {Dominik Josef W\"{o}lfel},
	Date-Added = {2014-10-27 23:17:13 +0000},
	Date-Modified = {2014-10-27 23:18:30 +0000},
	Journal = {Anthropos},
	Pages = {362-364},
	Title = {A review of {R}oyen, {G}erlacus: ``De jongere veranderingen van het indogermaanse nominale {D}rieklassensysteem'' ({H}ertogenbosch, 1926)},
	Volume = {23},
	Year = {1928}}

@article{wiemererker2011,
	Author = {Bj\"{o}rn Wiemer and Aksana Erker},
	Date-Added = {2014-10-27 23:16:11 +0000},
	Date-Modified = {2014-10-27 23:17:07 +0000},
	Journal = {Journal of Language Contact},
	Pages = {184-216},
	Title = {Manifestations of areal convergence in rural {B}elarussian spoken in the {B}altic-{S}lavic convergence zone},
	Volume = {4},
	Year = {2011}}

@incollection{wiemer2007,
	Author = {Bj\"{o}rn Wiemer},
	Booktitle = {Areal'noe i geneti\v{c}eskoe v strukture slavjanskix jazykov (Materialy kruglogo stola)},
	Date-Added = {2014-10-27 23:14:35 +0000},
	Date-Modified = {2014-10-27 23:16:08 +0000},
	Editor = {Vja\v{c}.Vs. Ivanov},
	Pages = {31-45},
	Title = {Sud'by balto-slavjanskix gipotez i segodnja\v{s}njaja kontaktnaja lingvistika},
	Year = {2007}}

@incollection{vysotskij2002,
	Address = {Minsk},
	Author = {Sergej S Vysotskij},
	Booktitle = {Istorija I dialektologija russkogo jazyka: Xrestomatija issledovanij},
	Date-Added = {2014-10-27 23:12:43 +0000},
	Date-Modified = {2014-10-27 23:14:33 +0000},
	Editor = {E. I. Janovi\v{c} and L. G. Mo\v{s}\v{c}enskaja and V. A. Sanikovi\v{c}},
	Title = {Utrata srednego roda v govorax k zapadu ot {M}oskvy},
	Year = {2002}}

@book{vinogradovetal1952,
	Address = {Moscow},
	Author = {Viktor V Vinogradov and Evgenija S Istrina and Stepan G Barxudarov},
	Date-Added = {2014-10-27 23:11:09 +0000},
	Date-Modified = {2014-10-27 23:12:39 +0000},
	Publisher = {AN SSSR},
	Title = {Grammatika russkogo jazyka I: Fonetika i morfologija},
	Year = {1952}}

@book{veenker1967,
	Address = {Bloomington},
	Author = {Wolfgang Veenker},
	Date-Added = {2014-10-27 23:09:45 +0000},
	Date-Modified = {2014-10-27 23:20:32 +0000},
	Publisher = {Indiana University},
	Title = {Die Frage des finnougrischen Substrats in der Russischen Sprache},
	Year = {1967}}

@incollection{vaaru1966,
	Address = {Moscow},
	Author = {Eduard V\"{a}\"{a}ru},
	Booktitle = {Jazyki narodov SSSR, vol.\ III},
	Date-Added = {2014-10-27 23:08:36 +0000},
	Date-Modified = {2014-10-27 23:09:44 +0000},
	Publisher = {Nauka},
	Title = {Livskij jazyk},
	Year = {1966}}

@article{trumpa2010,
	Author = {Edmundas Trumpa},
	Date-Added = {2014-10-27 23:06:48 +0000},
	Date-Modified = {2014-11-11 22:54:09 +0000},
	Journal = {Baltu Filolo\'{g}ija},
	Pages = {79-103},
	Title = {``{K}arte des lettischen {S}prachgebiets'' (1881) -- pirm\={a} latvie\v{s}u valodas dialektu karte},
	Year = {2010}}

@book{trautmann1910,
	Address = {G\"{o}ttingen, Vandenhoeck, Ruprecht},
	Author = {Reinhold Trautmann},
	Date-Added = {2014-10-27 23:05:42 +0000},
	Date-Modified = {2014-10-27 23:06:47 +0000},
	Title = {Die altpreussischen {S}prachdenkm\"{a}ler},
	Year = {1910}}

@book{thomason2001,
	Address = {Washington DC},
	Author = {Sarah Grey Thomason},
	Date-Added = {2014-10-27 23:05:00 +0000},
	Date-Modified = {2014-10-27 23:05:32 +0000},
	Publisher = {Georgetown University Press},
	Title = {Lanugage Contact: An Introduction},
	Year = {2001}}

@book{thomasonkaufman1988,
	Author = {Sarah Grey Thomason and Terrence Kaufman},
	Date-Added = {2014-10-27 23:03:20 +0000},
	Date-Modified = {2014-10-27 23:04:54 +0000},
	Publisher = {University of California Press},
	Title = {Language contact, creolization, and genetic linguistics},
	Year = {1988}}

@book{svedovaetal1980,
	Address = {Moscow},
	Author = {Natalia \v{S}vedova and Nina Arutjunova and Alexander Bondarko and Valerij Ivanov and Vladimir Lopatin and Igor Uluxanov and Fedot Filin},
	Date-Added = {2014-10-27 23:01:28 +0000},
	Date-Modified = {2014-10-27 23:03:19 +0000},
	Publisher = {Nauka},
	Title = {Russkaja grammatika I: Fonetika, fonologija, udarenie, intonacija, slovoobrazovanie, morfologija},
	Year = {1980}}

@article{sutroppajusalu2009,
	Author = {Urmas Sutrop and Karl Pajusalu},
	Date-Added = {2014-10-27 23:00:05 +0000},
	Date-Modified = {2014-10-27 23:01:27 +0000},
	Journal = {Linguistica Uralica},
	Pages = {253-268},
	Title = {Medieval {L}ivonian county {M}etsepole and the historical and linguistic border between {L}ivonians and {E}stonians},
	Volume = {4},
	Year = {2009}}

@book{stang1966,
	Address = {Oslo, Bergen, Troms\"{o}},
	Author = {Christian S Stang},
	Date-Added = {2014-10-27 22:59:05 +0000},
	Date-Modified = {2014-10-27 22:59:56 +0000},
	Publisher = {Universitetsforlaget},
	Title = {Vergleichende Grammatik der Baltischen Sprachen},
	Year = {1966}}

@incollection{smoczynski1992,
	Address = {Warszawa},
	Author = {Wojciech Smoczy\'{n}ski},
	Booktitle = {Colloquium Pruthenicum Primum, Papers from the First International Conference on Old Prussian held in Warszaw, September 30th -- October 1st, 1991},
	Date-Added = {2014-10-27 22:56:06 +0000},
	Date-Modified = {2014-11-10 18:57:37 +0000},
	Editor = {W. Smoczynski},
	Pages = {47-83},
	Publisher = {Wydawnictwa Uniwersytetu Warszawskiego},
	Title = {Die altpreussische {E}ntnasalisierung und ihre {F}olgen f\"{u}r die {D}eutung der {D}eklinationsendunge},
	Year = {1992}}

@book{schmidt1889,
	Author = {Johannes Schmidt},
	Date-Added = {2014-10-27 22:55:35 +0000},
	Date-Modified = {2014-10-27 22:56:03 +0000},
	Publisher = {Weimar},
	Title = {Die Pluralbildungen der indogermanischen Neutra},
	Year = {1889}}

@book{schmalstieg1974,
	Author = {William R Schmalstieg},
	Date-Added = {2014-10-27 22:54:28 +0000},
	Date-Modified = {2014-10-27 22:55:29 +0000},
	Publisher = {The Pennsylvania State University Press},
	Title = {An Old Prussian Grammar. The phonology and morphology of the three Catechisms},
	Year = {1974}}

@article{sabaliauskas,
	Author = {Algirdas Sabaliauskas},
	Date-Added = {2014-10-27 22:53:51 +0000},
	Date-Modified = {2014-10-27 22:54:20 +0000}}

@book{royen1926,
	Author = {Gerlacus Royen},
	Date-Added = {2014-10-27 22:52:43 +0000},
	Date-Modified = {2014-10-27 22:53:31 +0000},
	Publisher = {Hertogenbosch},
	Title = {De jongere veranderingen van het indogermaanse nominale {D}rieklassensysteem},
	Year = {1926}}

@article{priestly1983,
	Author = {Tom M. S. Priestly},
	Date-Added = {2014-10-27 22:52:01 +0000},
	Date-Modified = {2014-10-27 22:52:42 +0000},
	Journal = {The Journal of Indo-European Studies},
	Pages = {339-363},
	Title = {On `drift' in {I}ndo-{E}uropean gender systems},
	Volume = {11},
	Year = {1983}}

@article{priestly1984b,
	Author = {Tom M. S. Priestly},
	Date-Added = {2014-10-27 22:50:27 +0000},
	Date-Modified = {2014-10-27 22:51:52 +0000},
	Journal = {Slavisti\v{c}na Revija},
	Pages = {357-372},
	Title = {O popolni izgubi srednjega spola v sel\v{s}\v{c}ini: Raznodobna rekonstrukcija},
	Volume = {32},
	Year = {1984}}

@article{priestly1984,
	Author = {Tom M. S. Priestly},
	Date-Added = {2014-10-27 22:48:49 +0000},
	Date-Modified = {2014-10-27 22:51:57 +0000},
	Journal = {Slavisti\v{c}na Revija},
	Pages = {37-47},
	Title = {O popolni izgubi srednjega spola v sel\v{s}\v{c}ini: Enodobni opis},
	Volume = {32},
	Year = {1984}}

@article{scontrasgibson2011,
	Author = {Gregory Scontras and Edward Gibson},
	Date-Added = {2014-10-21 23:47:54 +0000},
	Date-Modified = {2014-10-21 23:48:31 +0000},
	Journal = {Language},
	Pages = {817-829},
	Title = {A quantitative investigation of the imperative--and--declarative construction in {E}nglish},
	Volume = {87},
	Year = {2011}}

@article{fuchsetal2014,
	Author = {Zuzanna Fuchs and Maria Polinsky and Gregory Scontras},
	Date-Added = {2014-10-21 23:37:13 +0000},
	Date-Modified = {2014-10-23 22:25:50 +0000},
	Journal = {The Linguistic Review},
	Title = {The Differential Representation of Number and Gender in {S}panish},
	Year = {submitted}}

@unpublished{gibsonscontras2013,
	Author = {Edward Gibson and Gregory Scontras},
	Date-Added = {2014-10-21 23:35:14 +0000},
	Date-Modified = {2014-10-21 23:36:02 +0000},
	Note = {Poster presented at the 26nd annual CUNY conference on human sentence processing},
	Title = {Working memory and syntactic islands revisited},
	Year = {2013}}

@article{scontrasetal2014,
	Author = {Gregory Scontras and William Badecker and Lisa Shank and Eunice Lim and Evelina Fedorenko},
	Date-Added = {2014-10-21 23:29:21 +0000},
	Date-Modified = {2014-10-21 23:34:58 +0000},
	Journal = {Cognitive Science},
	Title = {Syntactic Complexity Effects in Sentence Production},
	Year = {2014}}

@incollection{scontras2014salt,
	Author = {Gregory Scontras},
	Booktitle = {Proceedings of {SALT} 24},
	Date-Added = {2014-10-21 18:41:01 +0000},
	Date-Modified = {2014-10-21 18:42:05 +0000},
	Editor = {Todd Snider},
	Pages = {310-329},
	Title = {Amount Semantics},
	Year = {2014}}

@incollection{petit2011,
	Address = {Leiden},
	Author = {Daniel Petit},
	Booktitle = {Untersuchungen zu den baltischen {S}prachen},
	Date-Added = {2014-10-20 23:04:27 +0000},
	Date-Modified = {2014-10-20 23:05:14 +0000},
	Publisher = {Brill},
	Title = {Das baltische {N}eutrum},
	Year = {2011}}

@book{nieminen1922,
	Address = {Helsinki},
	Author = {Eino Nieminen},
	Date-Added = {2014-10-20 23:03:18 +0000},
	Date-Modified = {2014-10-20 23:04:25 +0000},
	Publisher = {Druckerei der Finnischen Literaturgesellschaft},
	Title = {Der urindogermanische {A}usgang -\emph{ai} des {N}ominativ-{A}kkusativ pluralis des {N}eutrums im {B}altischen},
	Year = {1922}}

@book{nau1998,
	Author = {Nicole Nau},
	Date-Added = {2014-10-20 23:02:41 +0000},
	Date-Modified = {2014-10-20 23:03:16 +0000},
	Publisher = {Lincom Europa},
	Series = {Languages of the World},
	Title = {Latvian},
	Year = {1998}}

@book{meillet1925,
	Address = {Oslo},
	Author = {Antoine Meillet},
	Date-Added = {2014-10-20 23:02:07 +0000},
	Date-Modified = {2014-10-20 23:02:40 +0000},
	Title = {La Method Comparative en Linguistique Historique},
	Year = {1925}}

@book{matasovic2004,
	Address = {Heidelberg},
	Author = {Ranko Matasovi\'{c}},
	Date-Added = {2014-10-20 23:01:11 +0000},
	Date-Modified = {2014-10-20 23:02:05 +0000},
	Title = {Gender in {I}ndo-{E}uropean},
	Year = {2004}}

@incollection{koptjevskajatamm2001,
	Address = {Amsterdam and Philadelphia},
	Author = {Maria Koptjevskaja-Tamm and Bernhard W\"{a}lchli},
	Booktitle = {The {C}ircum-{B}altic Languages. {T}ypology and Contact},
	Date-Added = {2014-10-20 22:58:56 +0000},
	Date-Modified = {2014-11-11 22:56:41 +0000},
	Editor = {\"{O}. Dahl and M. Koptjevskaja-Tamm},
	Pages = {615-750},
	Publisher = {John Benjamins},
	Title = {The {C}ircum-{B}altic languages: An areal-typological approach},
	Year = {2001}}

@incollection{kiparskyTA,
	Author = {Paul Kiparsky},
	Booktitle = {Segments and Tone},
	Date-Added = {2014-10-20 22:54:00 +0000},
	Date-Modified = {2014-10-20 22:55:32 +0000},
	Editor = {Paul Boersma and Marc {van Oostendorp} and Ben Hermans and Wolfgang Kehrein},
	Title = {Livonian \emph{st\o d}},
	Year = {forthcoming}}

@phdthesis{karatsareas2011,
	Author = {Petros Karatsareas},
	Date-Added = {2014-10-20 22:52:39 +0000},
	Date-Modified = {2014-10-20 22:53:43 +0000},
	School = {University of Cambridge},
	Title = {A study of {C}appadocian {G}reek nominal morphology from a diachronic and dialectological perspective},
	Year = {2011}}

@unpublished{junttila2009,
	Author = {Santeri Junttila},
	Date-Added = {2014-10-20 22:50:57 +0000},
	Date-Modified = {2014-10-20 23:07:26 +0000},
	Note = {Presentation abstract from the {B}altic {L}anguages and the {N}ordic {C}ountries {I}nternational conference on {J}une 19--20, 2009. {U}niversity of {O}slo},
	Title = {The contacts between {B}altic and {P}roto-{F}innic: Anything new since {T}homsen?},
	Year = {2009}}

@book{isacenko1939,
	Address = {Ljubljana},
	Author = {Aleksander V Isa\v{c}enko},
	Date-Added = {2014-10-20 22:49:52 +0000},
	Date-Modified = {2014-10-20 22:50:52 +0000},
	Publisher = {U\v{c}iteljska Tiskarna},
	Title = {Nare\v{c}je vasi Sele na Ro\v{z}u},
	Year = {1939}}

@book{hockett1958,
	Address = {New York},
	Author = {Charles F Hockett},
	Date-Added = {2014-10-20 22:49:09 +0000},
	Date-Modified = {2014-10-20 22:49:50 +0000},
	Publisher = {The Macmillan Company},
	Title = {A Course in Modern Linguistics},
	Year = {1958}}

@book{haspelmath2002,
	Address = {London},
	Author = {Martin Haspelmath},
	Date-Added = {2014-10-20 22:48:36 +0000},
	Date-Modified = {2014-10-20 22:49:05 +0000},
	Publisher = {Arnold},
	Title = {Understanding Morphology},
	Year = {2002}}

@incollection{gumperzwilson1971,
	Author = {John J. Gumperz and Robert Wilson},
	Booktitle = {Pidginization and Creolization of Languages: Proceedings of a conference held at the {U}niversity of the {W}est {I}ndies, {M}ona, {J}amaica, {A}pril, 1968},
	Date-Added = {2014-10-20 22:46:09 +0000},
	Date-Modified = {2014-10-20 22:57:56 +0000},
	Editor = {Dell H Hymes},
	Publisher = {Cambridge University Press},
	Title = {Convergence and creolization: A case from the {I}ndo-{A}ryan/{D}ravidian border in India},
	Year = {1971}}

@book{gaters1977,
	Author = {Alfr\={e}ds G\={a}ters},
	Date-Added = {2014-10-20 22:45:26 +0000},
	Date-Modified = {2014-10-20 22:46:00 +0000},
	Publisher = {Mouton},
	Title = {Die lettische {S}prache und ihre {D}ialekte},
	Year = {1977}}

@article{fennell1977,
	Author = {Trevor G Fennell},
	Date-Added = {2014-10-20 22:44:47 +0000},
	Date-Modified = {2014-10-20 22:45:22 +0000},
	Journal = {Journal of Baltic Studies},
	Number = {1},
	Pages = {51-62},
	Title = {The emergence of a {L}atvian grammatical tradition: Noun morphology},
	Volume = {8},
	Year = {1977}}

@article{euler1987,
	Author = {Wolfram Euler},
	Date-Added = {2014-10-20 22:43:34 +0000},
	Date-Modified = {2014-10-20 22:44:45 +0000},
	Journal = {Klagenfurter Beitrage zur Sprachwissenschaft},
	Pages = {106-137},
	Title = {Das {N}eutrum als aussterbendes {G}enus im {A}ltpreu{\ss}ischen und seinen baltischen {S}chwestersprachen},
	Year = {1987-88}}

@article{dabasinskienekaledaite2012,
	Author = {Ineta Daba\v{s}inskien\.{e} and Violeta Kal\.{e}dait\.{e}},
	Date-Added = {2014-10-20 22:42:12 +0000},
	Date-Modified = {2014-10-20 22:43:31 +0000},
	Journal = {Journal of Baltic Studies},
	Number = {2},
	Pages = {151-160},
	Title = {Child Language Acquisition Research in the {B}altic Area},
	Volume = {43},
	Year = {2012}}

@article{cornipshulk2008,
	Author = {Leonie Cornips and Aafke Hulk},
	Date-Added = {2014-10-20 22:41:05 +0000},
	Date-Modified = {2014-10-20 22:42:11 +0000},
	Journal = {Second Language Research},
	Pages = {267-295},
	Title = {Factors of Success and Failure in the Acquisition of Grammatical Gender in {D}utch},
	Year = {2008}}

@book{corbett1991,
	Address = {Cambridge},
	Author = {Greville G Corbett},
	Date-Added = {2014-10-20 22:40:25 +0000},
	Date-Modified = {2014-10-20 22:41:04 +0000},
	Publisher = {Cambridge University Press},
	Title = {Gender},
	Year = {1991}}

@article{corbett1982,
	Author = {Greville G Corbett},
	Date-Added = {2014-10-20 22:39:25 +0000},
	Date-Modified = {2014-10-20 22:40:25 +0000},
	Journal = {Russian Linguistics},
	Pages = {197-232},
	Title = {Gender in {R}ussian: An account of gender specification and its relationship to declension},
	Volume = {6},
	Year = {1982}}

@book{comrie1981,
	Address = {Cambridge},
	Author = {Bernard Comrie},
	Date-Added = {2014-10-20 22:38:45 +0000},
	Date-Modified = {2014-10-20 22:39:24 +0000},
	Publisher = {Cambridge University Press},
	Title = {The Languages of the {S}oviet {U}nion},
	Year = {1981}}

@article{cesnyskucinskas2004,
	Author = {Gintautas {\v{C}}esnys and Vaidutis Ku\v{c}inskas},
	Date-Added = {2014-10-20 22:37:25 +0000},
	Date-Modified = {2014-10-28 22:32:59 +0000},
	Journal = {Acta Medica Lituanica},
	Number = {3},
	Pages = {8-14},
	Title = {The {B}alts and the {F}inns in historical perspective: A multidisciplinary approach},
	Volume = {11},
	Year = {2004}}

@article{cagiseva1968,
	Author = {Vera {\v{C}}agi\v{s}eva},
	Date-Added = {2014-10-20 22:36:24 +0000},
	Date-Modified = {2014-10-28 22:33:26 +0000},
	Journal = {Pskovskie govory II},
	Pages = {146-159},
	Title = {K voprosu o kategorii srednego roda v mestnyx govorax},
	Year = {1968}}

@article{brosman1976,
	Author = {Paul W Brosman},
	Date-Added = {2014-10-20 22:35:30 +0000},
	Date-Modified = {2014-10-20 22:36:20 +0000},
	Journal = {Journal of Indo-European Studies},
	Pages = {93-106},
	Title = {The {H}ittite Gender of Cognates of {PIE} Neuters},
	Volume = {6},
	Year = {1976}}

@book{borkovskijkuznecov1965,
	Address = {Moscow},
	Author = {Viktor I. Borkovskij and Petr S. Kuznecov},
	Date-Added = {2014-10-20 22:34:20 +0000},
	Date-Modified = {2014-10-20 22:57:26 +0000},
	Publisher = {Nauka},
	Title = {Istori\v{c}eskaja Grammatika Russkogo Jazyka},
	Year = {1965}}

@book{ambrazas1997,
	Address = {Vilnius},
	Date-Added = {2014-10-20 22:28:46 +0000},
	Date-Modified = {2014-10-20 22:56:37 +0000},
	Editor = {Vytautas Ambrazas},
	Publisher = {Baltos Lankos},
	Title = {Lithuanian Grammar},
	Year = {1997}}

@article{oldenberg1901,
	Author = {Hermann Oldenberg},
	Date-Added = {2014-10-11 01:23:23 +0000},
	Date-Modified = {2014-10-11 01:24:16 +0000},
	Journal = {ZDMG},
	Pages = {267-330},
	Title = {\textsubring{R}gveda {VI}, 1--20},
	Volume = {55},
	Year = {1901}}

@unpublished{jasanoffforthcoming,
	Author = {Jay H Jasanoff},
	Date-Added = {2014-10-11 01:20:11 +0000},
	Date-Modified = {2014-10-11 01:21:19 +0000},
	Note = {To appear in a {F}estschrift},
	Title = {Go.\ \emph{stojan} `judge', OHG \emph{st\={u}\={e}n} `atone (for)'},
	Year = {forthcoming}}

@book{delbruck1897,
	Address = {Strassburg},
	Author = {Karl Brugmann and Berthold Delbr\"{u}ck},
	Date-Added = {2014-10-11 01:17:52 +0000},
	Date-Modified = {2014-10-11 01:19:13 +0000},
	Number = {2},
	Publisher = {Tr\"{u}bner},
	Series = {Vergleichende {S}yntax der indogermanischen {S}prachen},
	Title = {Grundri{\ss} der vergleichenden {G}rammatik der indogermanischen {S}prachen},
	Volume = {4},
	Year = {1897}}

@book{wolff1910,
	Address = {Strassburg},
	Author = {Fritz Wolff},
	Date-Added = {2014-10-11 01:15:01 +0000},
	Date-Modified = {2014-10-11 01:16:31 +0000},
	Publisher = {Tr\"{u}bner},
	Title = {Avesta: die heiligen {B}\"{u}cher der {P}arsen, \"{u}bersetzt auf der {G}rundlage von {C}hr. {B}artholomae's \emph{Altiranischem W\"{o}rtenbuch}},
	Year = {1910}}

@book{whitney1889,
	Address = {Cambridge, MA},
	Author = {William Dwight Whitney},
	Date-Added = {2014-10-11 01:14:16 +0000},
	Date-Modified = {2014-10-11 01:14:59 +0000},
	Edition = {second},
	Publisher = {Harvard University Press},
	Title = {Sanskrit {G}rammar},
	Year = {1889}}

@article{tucker2012,
	Author = {Elizabeth Tucker},
	Date-Added = {2014-10-11 01:12:38 +0000},
	Date-Modified = {2014-10-11 01:14:15 +0000},
	Journal = {Oxford Working Papers in Linguistics, Philology, and Phonetics},
	Pages = {1-26},
	Title = {RV \emph{\textsubring{r}gm\'{\i}n}-, \emph{\textsubring{r}gm\'{\i}ya}-, and \emph{\textsubring{r}\~{n}jate}},
	Volume = {7},
	Year = {2012}}

@book{thurneysen1946,
	Address = {Dublin},
	Author = {Rudolf Thurneysen},
	Date-Added = {2014-10-11 01:11:53 +0000},
	Date-Modified = {2014-10-11 01:12:36 +0000},
	Publisher = {Institute for Advanced Studies},
	Title = {A {G}rammar of {O}ld {I}rish},
	Year = {1946}}

@article{szemerenyi1966,
	Author = {Oswald Szemer\'{e}nyi},
	Date-Added = {2014-10-11 01:11:02 +0000},
	Date-Modified = {2014-10-11 01:11:51 +0000},
	Journal = {Language},
	Pages = {1-7},
	Title = {The origin of the {V}edic `imperative' in -\emph{si}},
	Year = {1966}}

@article{sgall1958,
	Author = {Petr Sgall},
	Date-Added = {2014-10-11 01:09:58 +0000},
	Date-Modified = {2014-10-11 01:33:54 +0000},
	Journal = {Acta Universitatis Carolinae Philologica},
	Pages = {135-{\ss}268},
	Title = {Die {I}nfinitive im {R}igveda},
	Volume = {2},
	Year = {1958}}

@incollection{rasmussen1997,
	Address = {Amsterdam},
	Author = {Jens Elmeg\r{a}rd Rasmussen},
	Booktitle = {Sound {L}aw and {A}nalogy: {P}apers in {H}onour of {R}. {S}. {P}. {B}eeks on the {O}ccasion of his {S}ixtieth {B}irthday},
	Date-Added = {2014-10-11 01:08:19 +0000},
	Date-Modified = {2014-10-11 01:09:55 +0000},
	Editor = {Alexander Lubotsky},
	Pages = {249-262},
	Publisher = {Rodopi},
	Title = {Processes of grammaticalization in {I}ndo-{E}uropean verbal derivation},
	Year = {1997}}

@incollection{rasmussen1985,
	Address = {Wiesbaden},
	Author = {Jens Elmeg\r{a}rd Rasmussen},
	Booktitle = {Grammatische {K}ategorien: {F}unktion und {G}eschichte. {A}kten der {VII}. {F}achtagung der {I}ndogermanischen {G}esellschaft},
	Date-Added = {2014-10-11 01:05:52 +0000},
	Date-Modified = {2014-10-11 01:08:16 +0000},
	Editor = {Bernfried Schlerath},
	Pages = {384-399},
	Publisher = {Reichert},
	Title = {Der {P}rospektiv --- eine verkannte indogermanische {V}erbalkategorie?},
	Year = {1985}}

@article{neisser1902,
	Author = {Walter Neisser},
	Date-Added = {2014-10-11 00:35:17 +0000},
	Date-Modified = {2014-10-11 00:36:10 +0000},
	Journal = {BB},
	Pages = {262-280},
	Title = {Vedisch \emph{stu\textsubdot{s}e}},
	Volume = {27},
	Year = {1902}}

@incollection{narten1968,
	Address = {The {H}ague},
	Author = {Johanna Narten},
	Booktitle = {Pratid\={a}nam: {I}ndian, {I}ranian and {I}ndo-{E}uropean {S}tudies {P}resented to {F}ranciscus {B}ernardus {J}acobus {K}uiper on his {S}ixtieth {B}irthday},
	Date-Added = {2014-10-11 00:33:10 +0000},
	Date-Modified = {2014-10-11 00:39:40 +0000},
	Editor = {{J. Heesterman et al.}},
	Publisher = {Mouton},
	Title = {Zum `proterodynamischen' {W}urzelpr\"{a}sens},
	Year = {1968}}

@book{narten1964,
	Address = {Wiesbaden},
	Author = {Johanna Narten},
	Date-Added = {2014-10-11 00:32:22 +0000},
	Date-Modified = {2014-10-11 00:33:08 +0000},
	Publisher = {Harrassowitz},
	Title = {Die sigmatischen {A}oriste im {V}eda},
	Year = {1964}}

@book{LIV,
	Address = {Wiesbaden},
	Date-Added = {2014-10-11 00:29:28 +0000},
	Date-Modified = {2014-10-11 01:30:33 +0000},
	Publisher = {Reichert},
	Title = {Lexicon der indogermanischen {V}erben: {D}ie {W}urzeln und ihre {P}rim\"{a}rstammbildungen. Zweite, erweiterte und verbesserte {A}uflage bearbeitet von {M}artin {K}\"{u}mmel und {H}elmut {R}ix},
	Year = {LIV}}

@article{kummel2012,
	Author = {Martin J K\"{u}mmel},
	Date-Added = {2014-10-11 00:28:29 +0000},
	Date-Modified = {2014-10-11 00:29:24 +0000},
	Journal = {Internation Journal of Diachronic Linguistics and Linguistic Reconstruction},
	Pages = {87-99},
	Title = {Monosyllabic lengthening in {V}edic aorists?},
	Volume = {9},
	Year = {2012}}

@book{kummel1996,
	Address = {G\"{o}ttingen},
	Author = {Martin J K\"{u}mmel},
	Date-Added = {2014-10-11 00:27:14 +0000},
	Date-Modified = {2014-10-11 00:28:24 +0000},
	Publisher = {Vandenhoeck und Ruprecht},
	Title = {Stativ und {P}assivaorst im {I}ndoiranischen},
	Year = {1996}}

@article{kortlandt2004,
	Author = {Frederik H. H. Kortlandt},
	Date-Added = {2014-10-11 00:26:27 +0000},
	Date-Modified = {2014-10-11 00:37:14 +0000},
	Journal = {Indo-Iranian Journal},
	Pages = {7-15},
	Title = {Accent and ablaut in the {V}edic verb},
	Volume = {47},
	Year = {2004}}

@book{keydana2013,
	Address = {Leiden},
	Author = {G\"{o}tz Keydana},
	Date-Added = {2014-10-11 00:25:10 +0000},
	Date-Modified = {2014-10-11 00:26:24 +0000},
	Publisher = {Brill},
	Title = {Infinitive im \textsubring{R}gveda: {F}ormen, {F}unktion, {D}iachronie},
	Year = {2013}}

@incollection{kellens2004,
	Address = {Leiden},
	Author = {Jean Kellens},
	Booktitle = {Zoroastrian {R}ituals in {C}ontext},
	Date-Added = {2014-10-11 00:24:08 +0000},
	Date-Modified = {2014-10-11 00:25:08 +0000},
	Editor = {Michael Strausberg},
	Publisher = {Brill},
	Title = {Les pr\'{e}cautions rituelles et la triade du comportement},
	Year = {2004}}

@incollection{jasanoff2012,
	Address = {Munich},
	Author = {Jay H Jasanoff},
	Booktitle = {The {S}ound of {I}ndo-{E}uropean 2},
	Date-Added = {2014-10-10 19:57:15 +0000},
	Date-Modified = {2014-10-10 19:59:37 +0000},
	Editor = {Roman Suka\v{c} and Ond\v{r}ej \v{S}ef\v{c}\'{\i}k},
	Pages = {116-132},
	Publisher = {Lincom Europa},
	Title = {Did {H}ittite have \emph{si}-imperatives?},
	Year = {2012}}

@book{jasanoff2003,
	Address = {Oxford/New York},
	Author = {Jay H Jasanoff},
	Date-Added = {2014-10-10 19:56:36 +0000},
	Date-Modified = {2014-10-10 19:59:46 +0000},
	Publisher = {Oxford University Press},
	Title = {Hittite and the {I}ndo-{E}uropean {V}erb},
	Year = {2003}}

@article{insler1968,
	Author = {Stanley Insler},
	Date-Added = {2014-10-10 19:54:09 +0000},
	Date-Modified = {2014-10-10 19:56:03 +0000},
	Journal = {KZ},
	Pages = {1-23},
	Title = {\emph{\'{a}njasa\={a}, \textsubring{r}\~{n}jas\={a}n\'{a}-}, and the type \emph{sahas\={a}n\'{a}}-},
	Volume = {82},
	Year = {1968}}

@book{hoffmann1967,
	Address = {Heidelberg},
	Author = {Karl Hoffmann},
	Date-Added = {2014-10-10 19:53:16 +0000},
	Date-Modified = {2014-10-10 20:01:03 +0000},
	Publisher = {Winter},
	Title = {Der {I}njunktiv im {V}eda: eine {S}ynchronische {F}unktionsuntersuchung},
	Year = {1967}}

@article{hill2004,
	Author = {Eugen Hill},
	Date-Added = {2014-10-10 19:51:36 +0000},
	Date-Modified = {2014-10-10 19:53:14 +0000},
	Journal = {Internation Journal of Diachronic Linguistics and Linguistic Reconstruction},
	Pages = {69-171},
	Title = {Die sigmatischen {M}odus-{B}ildungen der indogermanischen {S}prachen. {E}rste {A}bhandlung: {D}as baltische {F}utur und seine {V}erwandten},
	Volume = {1},
	Year = {2004}}

@book{grassmann1873,
	Address = {Leipzig},
	Author = {Hermann Grassmann},
	Date-Added = {2014-10-10 19:50:45 +0000},
	Date-Modified = {2014-10-10 19:59:58 +0000},
	Publisher = {Brockhaus},
	Title = {W\"{o}rterbuch zum {R}ig-{V}eda},
	Year = {1873}}

@book{geldner1951,
	Address = {Cambridge, MA},
	Author = {Karl F Geldner},
	Date-Added = {2014-10-10 19:49:50 +0000},
	Date-Modified = {2014-10-10 20:00:19 +0000},
	Publisher = {Harvard University Press},
	Title = {Der {R}ig-{V}eda aus dem {S}anskrit ins {D}eutsche \"{u}bersetzt},
	Year = {1951}}

@book{brugmann1906,
	Address = {Strassburg},
	Author = {Karl Brugmann and Berthold Delbr\"{u}ck},
	Date-Added = {2014-10-10 01:17:21 +0000},
	Date-Modified = {2014-10-10 01:23:42 +0000},
	Edition = {second},
	Number = {1},
	Publisher = {Tr\"{u}bner},
	Series = {Allgemeines, Zusammensetzung (Komposita), Nominalst\"{a}mme},
	Title = {Grundri{\ss} der vergleichenden {G}rammatik der indogermanischen {S}prachen},
	Volume = {2},
	Year = {1906}}

@unpublished{scontrasetal2013dataverse,
	Author = {Gregory Scontras and Maria Polinsky and Zuzanna Fuchs},
	Date-Added = {2014-10-09 16:11:45 +0000},
	Date-Modified = {2014-10-09 16:32:55 +0000},
	Note = {http://hdl.handle.net/1902.1/21954; Harvard Dataverse Network V3},
	Title = {Agreement Mismatches in {S}panish},
	Year = {2013}}

@incollection{batemanpolinsky2010,
	Address = {Cambridge, MA},
	Author = {Nicoleta Bateman and Maria Polinsky},
	Booktitle = {Hypothesis A/Hypothesis B},
	Date-Added = {2014-10-07 22:44:56 +0000},
	Date-Modified = {2014-10-09 14:51:26 +0000},
	Editor = {D Gerdts and J Moore and Maria Polinsky},
	Pages = {41-77},
	Publisher = {{MIT} Press},
	Title = {Romanian as a Two-gender Language},
	Year = {2010}}

@unpublished{steriopolowiltschko2008,
	Author = {Olga Steriopolo and Martina Wiltschko},
	Date-Added = {2014-10-07 00:22:53 +0000},
	Date-Modified = {2014-10-07 00:23:56 +0000},
	Note = {Paper presented at {FDSL} 7.5, Independent University of Moscow},
	Title = {Distributed {GENDER} Hypothesis},
	Year = {2008}}

@article{hartsuikeretal2003,
	Author = {R Hartsuiker and H Schriefers and Kathryn Bock and G Kikstra},
	Date-Added = {2014-10-06 23:11:07 +0000},
	Date-Modified = {2014-10-06 23:12:08 +0000},
	Journal = {Memory and Cognition},
	Pages = {1316-1326},
	Title = {Morphophonological Influences on the Construction of Subject-verb Agreement},
	Volume = {31},
	Year = {2003}}

@article{bocketal2001,
	Author = {Kathryn Bock and K Eberhard and J C Cutting and A Meyer and H Schriefers},
	Date-Added = {2014-10-06 23:09:57 +0000},
	Date-Modified = {2014-10-06 23:10:50 +0000},
	Journal = {Cognitive Psychology},
	Pages = {83-128},
	Title = {Some Attractions of Verb Agreement},
	Volume = {43},
	Year = {2001}}

@article{viglioccoetal1995,
	Author = {Gabriella Vigliocco and Brian Butterworth and C Semenza},
	Date-Added = {2014-10-06 23:08:38 +0000},
	Date-Modified = {2014-10-06 23:09:26 +0000},
	Journal = {Journal of Memory and Language},
	Pages = {186-215},
	Title = {Constructing Subject-verb Agreement in Speech: The Role of Semantic and Morphological Factors},
	Volume = {34},
	Year = {1995}}

@article{viglioccofranck1999,
	Author = {Gabriella Vigliocco and J Franck},
	Date-Added = {2014-10-06 23:07:24 +0000},
	Date-Modified = {2014-10-06 23:08:09 +0000},
	Journal = {Journal of Memory and Language},
	Pages = {455-478},
	Title = {When Sex and Syntax Go Hand in Hand: Gender Agreement and Langauge Production},
	Volume = {40},
	Year = {1999}}

@article{vigliocconicol1998,
	Author = {G Vigliocco and J Nicol},
	Date-Added = {2014-10-06 23:05:32 +0000},
	Date-Modified = {2014-10-06 23:06:36 +0000},
	Journal = {Cognition},
	Pages = {B13-B29},
	Title = {Separating Hierarchical Relations and Word Order in Language Production: Is Proximity Concord Syntactic or Linear?},
	Volume = {68},
	Year = {1998}}

@article{francketal2002,
	Author = {Julie Franck and Gabriella Vigliocco and Janet Nicol},
	Date-Added = {2014-10-06 22:59:17 +0000},
	Date-Modified = {2014-10-09 14:53:14 +0000},
	Journal = {Language and Cognitive Processes},
	Pages = {371-404},
	Title = {Subject-verb Agreement Errors in {F}rench and {E}nglish: The Role of Syntactic Hierarchy},
	Volume = {17},
	Year = {2002}}

@article{bockcutting1992,
	Author = {Kathryn Bock and J C Cutting},
	Date-Added = {2014-10-06 22:58:04 +0000},
	Date-Modified = {2014-10-06 22:58:47 +0000},
	Journal = {Journal of Memory and Language},
	Pages = {99-127},
	Title = {Regulating Mental Energy: Performance Units in Langauge Production},
	Volume = {31},
	Year = {1992}}

@article{viglioccoetal1996,
	Author = {Gabriella Vigliocco and Brian Butterworth and Merrill F. Garrett},
	Date-Added = {2014-10-06 22:50:32 +0000},
	Date-Modified = {2014-10-06 22:51:30 +0000},
	Journal = {Cognition},
	Pages = {261-298},
	Title = {Subject-verb Agreement in {S}panish and {E}nglish: Differences in the Role of Conceptual Constraints},
	Volume = {61},
	Year = {1996}}

@book{levelt1989,
	Address = {Cambridge, MA},
	Author = {W J M Levelt},
	Date-Added = {2014-10-06 22:48:13 +0000},
	Date-Modified = {2014-10-06 22:48:46 +0000},
	Publisher = {{MIT} Press},
	Title = {Speaking: From Intention to Articulation},
	Year = {1989}}

@phdthesis{antonmendez1999,
	Author = {Maria In\'{e}s Ant\'{o}n-M\'{e}ndez},
	Date-Added = {2014-10-06 19:04:15 +0000},
	Date-Modified = {2014-10-06 19:05:14 +0000},
	School = {University of Arizona},
	Title = {Gender and Number: Agreement Processing in {S}panish},
	Year = {1999}}

@incollection{bobaljik2008,
	Address = {Oxford},
	Author = {Jonathan Bobaljik},
	Booktitle = {Phi-Theory: Phi Features across Interfaces and Modules},
	Date-Added = {2014-10-06 17:27:04 +0000},
	Date-Modified = {2014-10-09 14:51:40 +0000},
	Editor = {Daniel Harbour and David Adger and Susana B\'{e}jar},
	Pages = {295-328},
	Publisher = {Oxford University Press},
	Title = {Where's Phi? {A}greement as a Post-syntactic Operation},
	Year = {2008}}

@book{baker2008,
	Address = {Cambridge},
	Author = {Mark Baker},
	Date-Added = {2014-10-06 17:24:35 +0000},
	Date-Modified = {2014-10-06 17:24:57 +0000},
	Publisher = {Cambridge University Press},
	Title = {The Syntax of Agreement and Concord},
	Year = {2008}}

@article{wagersetal2009,
	Author = {M W Wagers and E F Lau and Colin Phillips},
	Date-Added = {2014-10-06 17:17:31 +0000},
	Date-Modified = {2014-10-06 17:18:19 +0000},
	Journal = {Journal of Memory and Language},
	Pages = {206-237},
	Title = {Agreement Attraction in Comphrehension: Representations and Processes},
	Year = {2009}}

@article{roca1989,
	Author = {I M Roca},
	Date-Added = {2014-10-06 17:15:51 +0000},
	Date-Modified = {2014-10-09 14:55:03 +0000},
	Journal = {Transactions of the Philological Society},
	Pages = {1-32},
	Title = {The Organisation of Grammatical Gender},
	Volume = {87},
	Year = {1989}}

@article{ritter1993,
	Author = {Elizabeth Ritter},
	Date-Added = {2014-10-06 17:15:17 +0000},
	Date-Modified = {2014-10-06 17:15:48 +0000},
	Journal = {Linguistic Inquiry},
	Pages = {795-803},
	Title = {Where's Gender?},
	Volume = {24},
	Year = {1993}}

@incollection{progovac2006,
	Address = {Philadelphia},
	Author = {Ljiljana Progovac},
	Booktitle = {The Syntax of Nonsententials: Multi-disciplinary Perspectives},
	Date-Added = {2014-10-06 17:13:00 +0000},
	Date-Modified = {2014-10-06 17:15:06 +0000},
	Editor = {Ljiljana Progovac and Kate Paesani and Eugenia Cadielles and Ellen Barton},
	Pages = {33-71},
	Publisher = {John Benjamins},
	Title = {The Syntax of Nonsententials: Small Clauses and Phrases at the Root},
	Year = {2006}}

@book{preminger2014,
	Address = {Cambridge, MA},
	Author = {Omer Preminger},
	Date-Added = {2014-10-06 17:12:24 +0000},
	Date-Modified = {2014-10-09 14:54:53 +0000},
	Publisher = {{MIT} Press},
	Title = {Agreement and Its Failures},
	Year = {2014}}

@article{picallo1991,
	Author = {C Picallo},
	Date-Added = {2014-10-06 17:11:49 +0000},
	Date-Modified = {2014-10-06 17:12:22 +0000},
	Journal = {Probus},
	Pages = {279-316},
	Title = {Nominals and Nominalization in {C}atalan},
	Volume = {3},
	Year = {1991}}

@article{phillips2013,
	Author = {Colin Phillips},
	Date-Added = {2014-10-06 17:10:31 +0000},
	Date-Modified = {2014-10-06 17:11:38 +0000},
	Journal = {Language and Cognitive Processes},
	Pages = {156-187},
	Title = {Some Arguments and Non-arguments for Reductionist Accounts of Syntactic Phenomena},
	Volume = {28},
	Year = {2013}}

@incollection{pesetskytorrego2007,
	Address = {Amsterdam},
	Author = {David Pesetsky and Esther Torrego},
	Booktitle = {Phrasal and Clausal Architecture: Syntactic Derivation and Interpretation},
	Date-Added = {2014-10-06 17:07:49 +0000},
	Date-Modified = {2014-10-06 17:10:29 +0000},
	Editor = {Simin Karimi and Vida Samiian and Wendy K Wilkins},
	Pages = {262-294},
	Publisher = {John Benjamins},
	Title = {The Syntax of Valuation and the Interpretability of Features},
	Year = {2007}}

@unpublished{muralikrishnanidrissi2014,
	Author = {R Muralikrishnan and A Idrissi},
	Date-Added = {2014-10-06 17:06:25 +0000},
	Date-Modified = {2014-10-06 17:07:40 +0000},
	Note = {Poster presented at CUNY, The Ohio State University},
	Title = {Verb-initial Structures in {A}rabic: Qualitative {ERP} Differences between Singuarl \& Plural Subjects},
	Year = {2014}}

@article{merchant2014,
	Author = {Jason Merchant},
	Date-Added = {2014-10-06 17:05:11 +0000},
	Date-Modified = {2014-10-06 17:05:37 +0000},
	Journal = {Lingua},
	Title = {Gender Mismatches under Nominal Ellipsis}}

@incollection{matushansky2013,
	Address = {Oxford},
	Author = {Ora Matushansky},
	Booktitle = {Diagnosing Syntax},
	Date-Added = {2014-10-06 17:03:59 +0000},
	Date-Modified = {2014-10-06 17:05:07 +0000},
	Editor = {L.-S. Cheng and Norbert Corver},
	Pages = {271-294},
	Publisher = {Oxford University Press},
	Title = {Gender Confusion},
	Year = {2013}}

@phdthesis{kramer2009,
	Author = {Ruth Kramer},
	Date-Added = {2014-10-06 17:02:42 +0000},
	Date-Modified = {2014-10-06 17:03:31 +0000},
	School = {University of California, Santa Cruz},
	Title = {Definite Markers, Phi-features, and Agreement: A Morphosyntactic Investigation of the {A}mharic {DP}},
	Year = {2009}}

@article{kramer2013,
	Author = {Ruth Kramer},
	Date-Added = {2014-10-06 17:01:49 +0000},
	Date-Modified = {2014-10-09 14:58:41 +0000},
	Journal = {Language Sciences},
	Pages = {102-115},
	Title = {Gender in {A}mharic: A Morphosyntactic Approach to Natural and Grammatical Gender},
	Volume = {43},
	Year = {2013}}

@article{jimenezspyropoulos2013,
	Author = {{\'{A}ngel} Jim\'{e}nez-Fern\'{a}ndez and V Spyropoulos},
	Date-Added = {2014-10-06 17:00:17 +0000},
	Date-Modified = {2014-10-06 23:24:58 +0000},
	Journal = {Studia Linguistica},
	Pages = {185-224},
	Title = {Feature Inheritance, v{P} Phrases and the Information Structure of Small Clauses},
	Volume = {67},
	Year = {2013}}

@article{harris1991,
	Author = {J Harris},
	Date-Added = {2014-10-06 16:59:37 +0000},
	Date-Modified = {2014-10-06 17:00:12 +0000},
	Journal = {Linguistic Inquiry},
	Pages = {27-62},
	Title = {The Exponence of Gender in {S}panish},
	Volume = {22},
	Year = {1991}}

@book{greenberg1966,
	Address = {The {H}ague},
	Author = {Joseph Greenberg},
	Date-Added = {2014-10-06 16:58:40 +0000},
	Date-Modified = {2014-10-06 16:59:21 +0000},
	Publisher = {Mouton},
	Title = {Language Universals},
	Year = {1966}}

@article{francketal2006,
	Author = {J Franck and G Lassi and U H Frauenfelder and Luigi Rizzi},
	Date-Added = {2014-10-06 16:57:22 +0000},
	Date-Modified = {2014-10-06 16:58:34 +0000},
	Journal = {Cognition},
	Pages = {173-216},
	Title = {Agreement and Movement: A Syntactic Analysis of Attraction},
	Volume = {101},
	Year = {2006}}

@unpublished{duek2012,
	Author = {K Duek},
	Date-Added = {2014-10-06 16:56:21 +0000},
	Date-Modified = {2014-10-06 16:57:19 +0000},
	Note = {CLS 48},
	Title = {Bare Nouns and Gender Agreement in {B}razilian {P}ortuguese}}

@article{dominguezetal1999,
	Author = {A Dom\'{i}nguez and F Cuetos and J Segui},
	Date-Added = {2014-10-06 16:55:19 +0000},
	Date-Modified = {2014-10-09 14:53:01 +0000},
	Journal = {Journal of Psycholinguistic Research},
	Pages = {485-498},
	Title = {The Processing of Grammatical Gender and Number in {S}panish},
	Volume = {28},
	Year = {1999}}

@article{dendikken2001,
	Author = {Marcel den Dikken},
	Date-Added = {2014-10-06 16:54:12 +0000},
	Date-Modified = {2014-10-06 16:55:13 +0000},
	Journal = {The Linguistic Review},
	Pages = {19-41},
	Title = {``Pluringulars'', Pronouns and Quirky Agreement},
	Volume = {18},
	Year = {2001}}

@article{deutschdank2011,
	Author = {A Deutsch and M Dank},
	Date-Added = {2014-10-06 16:52:55 +0000},
	Date-Modified = {2014-10-06 16:53:40 +0000},
	Journal = {Language and Cognitive Processes},
	Pages = {24-46},
	Title = {Symmetric and Asymmetric Patterns of Attraction Errors in Producing Subject-predicate Agreement in {H}ebrew: An Issue of Morphological Structure},
	Volume = {26},
	Year = {2011}}

@article{deutschdank2009,
	Author = {A Deutsch and M Dank},
	Date-Added = {2014-10-06 16:51:47 +0000},
	Date-Modified = {2014-10-06 16:54:05 +0000},
	Journal = {Journal of Memory and Language},
	Pages = {112-143},
	Title = {Conflicting Cues and Competition between Notional and Grammatical Factors in Producing Number and Gender Agreement},
	Volume = {60},
	Year = {2009}}

@article{dankdeutsch2010,
	Author = {M Dank and A Deutsch},
	Date-Added = {2014-10-06 16:50:44 +0000},
	Date-Modified = {2014-10-06 16:51:41 +0000},
	Journal = {Language and Cognitive Processes},
	Pages = {1380-1410},
	Title = {The Role of Morpho-phonological Factors in Subject-Predicate Gender Agreement in {H}ebrew},
	Volume = {25},
	Year = {2010}}

@incollection{contreras1995,
	Address = {San Diego, CA},
	Author = {Heles Contreras},
	Booktitle = {Small Clauses},
	Date-Added = {2014-10-06 16:47:48 +0000},
	Date-Modified = {2014-10-06 16:50:16 +0000},
	Editor = {A Cardinaletti and M T Guasti},
	Pages = {135-152},
	Publisher = {Academic Press},
	Title = {Small Clauses and Complex Predicates},
	Year = {1995}}

@book{chomsky1995,
	Address = {Cambridge, MA},
	Author = {Noam Chomsky},
	Date-Added = {2014-10-06 16:46:26 +0000},
	Date-Modified = {2014-10-06 16:47:02 +0000},
	Publisher = {{MIT} Press},
	Title = {The Minimalist Program},
	Year = {1995}}

@article{carstens2003,
	Author = {V Carstens},
	Date-Added = {2014-10-06 16:45:38 +0000},
	Date-Modified = {2014-10-06 16:46:22 +0000},
	Journal = {Linguistic Inquiry},
	Pages = {393-412},
	Title = {Rethinking Complementizer Agreement: Agree with a Case-checked Goal},
	Volume = {34},
	Year = {2003}}

@article{carstens2000,
	Author = {V Carstens},
	Date-Added = {2014-10-06 16:44:55 +0000},
	Date-Modified = {2014-10-06 16:45:35 +0000},
	Journal = {Linguistic Inquiry},
	Pages = {319-355},
	Title = {Concord in Minimalist Theory},
	Volume = {31},
	Year = {2000}}

@book{cardinalettiguasti1995,
	Address = {San Diego, CA},
	Date-Added = {2014-10-06 16:43:32 +0000},
	Date-Modified = {2014-10-06 16:50:30 +0000},
	Editor = {A Cardinaletti and M T Guasti},
	Publisher = {Academic Press},
	Title = {Small Clauses},
	Year = {1995}}

@article{bockeberhard1993,
	Author = {Kathryn Bock and K Eberhard},
	Date-Added = {2014-10-06 16:42:33 +0000},
	Date-Modified = {2014-10-06 17:11:23 +0000},
	Journal = {Language and Cognitive Processes},
	Pages = {57-99},
	Title = {Meaning, Sound, and Syntax in {E}nglish Number Agreement},
	Volume = {8},
	Year = {1993}}

@article{bejarrezac2009,
	Author = {Susana B\'{e}jar and Milan Rezac},
	Date-Added = {2014-10-06 16:41:31 +0000},
	Date-Modified = {2014-10-06 16:42:20 +0000},
	Journal = {Linguistic Inquiry},
	Number = {1},
	Pages = {35-73},
	Title = {Cyclic Agree},
	Volume = {40},
	Year = {2009}}

@phdthesis{bejar2003,
	Author = {Susana Bejar},
	Date-Added = {2014-10-06 16:38:11 +0000},
	Date-Modified = {2014-10-06 16:41:24 +0000},
	School = {University of Toronto},
	Title = {Phi-syntax: A Theory of Agreement},
	Year = {2003}}

@article{basilico2003,
	Author = {D Basilico},
	Date-Added = {2014-10-06 16:35:59 +0000},
	Date-Modified = {2014-10-06 16:36:30 +0000},
	Journal = {Linguistic Inquiry},
	Pages = {1-35},
	Title = {The Topic of Small Clauses},
	Volume = {34},
	Year = {2003}}

@article{alexiadouetal2010,
	Author = {Artemis Alexiadou and G Iordachioaia and E Soare},
	Date-Added = {2014-10-06 16:34:13 +0000},
	Date-Modified = {2014-10-06 16:35:48 +0000},
	Journal = {Journal of Linguistics},
	Pages = {537-574},
	Title = {Number/Aspect Interactions in the Syntax of Nominalizations: A Distributed Morphology Approach},
	Volume = {46},
	Year = {2010}}

@book{alarcon2006,
	Address = {Munich},
	Author = {I Alarc\'{o}n},
	Date-Added = {2014-10-06 16:33:09 +0000},
	Date-Modified = {2014-10-06 16:34:09 +0000},
	Publisher = {Lincom Europa},
	Title = {The Second Language Acquisition of {S}panish Gender Agreement: The Effects of Linguistic Variables on Accuracy},
	Year = {2006}}

@book{wechslerzlatic2003,
	Address = {Stanford, CA},
	Author = {Stephen Wechsler and Larisa Zlati\'{c}},
	Date-Added = {2014-10-06 16:31:31 +0000},
	Date-Modified = {2014-10-06 16:32:16 +0000},
	Publisher = {CSLI},
	Title = {The Many Faces of Agreement},
	Year = {2003}}

@article{warrengibson2002,
	Author = {Tessa Warren and Edward Gibson},
	Date-Added = {2014-10-06 16:30:39 +0000},
	Date-Modified = {2014-10-06 16:31:23 +0000},
	Journal = {Cognition},
	Pages = {79-112},
	Title = {The Influence of Referential Processing on Sentence Complexity},
	Volume = {85},
	Year = {2002}}

@inproceedings{kluender2004,
	Address = {Somerville, MA},
	Author = {Robert Kluender},
	Booktitle = {West Coast Conference on Formal Linguistics (WCCFL) 23},
	Date-Added = {2014-10-06 16:29:03 +0000},
	Date-Modified = {2014-10-06 16:30:33 +0000},
	Editor = {Vineeta Chand and Ann Kelleher and Angelo J Rodriguez and Benjamin Schmeiser},
	Pages = {101-125},
	Publisher = {Cascadilla Press},
	Title = {Are Subject Islands Subject to a Processing Constraint?},
	Year = {2004}}

@article{haegemanetal2014,
	Author = {Liliane Haegeman and {\'{A}ngel} L Jim\'{e}nez-Fern\'{a}ndez and Andrew Radford},
	Date-Added = {2014-10-06 16:27:01 +0000},
	Date-Modified = {2014-10-09 14:53:35 +0000},
	Journal = {The Linguistic Review},
	Pages = {73-150},
	Title = {Deconstructing the Subject Condition in Terms of Cumulative Constraint Violation},
	Volume = {31},
	Year = {2014}}

@article{demonte1988,
	Author = {Violeta Demonte},
	Date-Added = {2014-10-06 16:26:18 +0000},
	Date-Modified = {2014-10-06 16:26:56 +0000},
	Journal = {The Linguistic Review},
	Pages = {1-39},
	Title = {Remarks on Secondary Predicates: C-command, Extraction and Reanalysis},
	Volume = {6},
	Year = {1988}}

@book{bull1965,
	Address = {New York},
	Author = {William Bull},
	Date-Added = {2014-10-06 16:24:54 +0000},
	Date-Modified = {2014-10-06 16:25:27 +0000},
	Publisher = {Ronald Press},
	Title = {Spanish for Teachers: Applied Linguistics},
	Year = {1965}}

@article{bobaljikzocca2011,
	Author = {Jonathan Bobaljik and Cynthia Zocca},
	Date-Added = {2014-10-06 16:24:03 +0000},
	Date-Modified = {2014-10-06 16:24:51 +0000},
	Journal = {Morphology},
	Pages = {141-166},
	Title = {Gender Markedness: The Anatomy of a Counter-Example},
	Volume = {21},
	Year = {2011}}

@incollection{link1998,
	Author = {Godehard Link},
	Booktitle = {Plurality and Quantification},
	Date-Added = {2014-09-19 17:41:00 +0000},
	Date-Modified = {2014-09-19 17:47:29 +0000},
	Editor = {F. Hamm and E. Hinrichs},
	Pages = {19-54},
	Publisher = {Kluwer Academic Publishers},
	Title = {Ten Years of Research on Plurals -- Where Do We Stand?},
	Year = {1998}}

@article{ariely2001,
	Author = {Dan Ariely},
	Date-Added = {2014-09-15 16:55:59 +0000},
	Date-Modified = {2014-09-15 16:56:52 +0000},
	Journal = {Psychological Science},
	Number = {2},
	Pages = {157-162},
	Title = {Seeing Sets: Representaiton by Statistical Properties},
	Volume = {12},
	Year = {2001}}

@unpublished{scontrasetalCONTEXT,
	Author = {Gregory Scontras and Peter Graff and Noah D. Goodman},
	Date-Added = {2014-09-11 22:18:43 +0000},
	Date-Modified = {2014-09-11 22:19:35 +0000},
	Note = {Unpublished MS},
	Title = {Context Sensitivity in Collective Predication},
	Year = {2013}}

@article{schwarzschild1994,
	Author = {Roger Schwarzschild},
	Date-Added = {2014-09-11 21:55:54 +0000},
	Date-Modified = {2014-09-11 21:57:23 +0000},
	Journal = {Natural Language Semantics},
	Number = {3},
	Pages = {201-248},
	Title = {Plurals, Presuppositions and the Sources of Distributivity},
	Volume = {2},
	Year = {1994}}

@phdthesis{scontras2014diss,
	Author = {Gregory Scontras},
	Date-Added = {2014-07-29 15:00:34 +0000},
	Date-Modified = {2014-07-29 15:00:52 +0000},
	School = {Harvard University},
	Title = {The Semantics of Measurement},
	Year = {2014}}

@unpublished{andersonmorzyckims,
	Author = {Curt Anderson and Marcin Morzycki},
	Date-Added = {2014-06-18 17:40:15 +0000},
	Date-Modified = {2014-06-18 17:41:01 +0000},
	Note = {MS, Michigan State University},
	Title = {Degrees as Kinds},
	Year = {2012}}

@unpublished{wellwood2014,
	Author = {Alexis Wellwood},
	Date-Added = {2014-06-16 17:20:10 +0000},
	Date-Modified = {2014-06-16 17:22:57 +0000},
	Note = {MS, University of Maryland},
	Title = {On the Semantics of Comparison across Categories},
	Year = {2014}}

@book{casativarzi1996,
	Address = {Dartmouth},
	Date-Added = {2014-06-16 13:59:15 +0000},
	Date-Modified = {2014-06-16 14:00:10 +0000},
	Editor = {Roberto Casati and Achille C Varzi},
	Publisher = {Aldershot},
	Title = {Events},
	Year = {1996}}

@article{chierchia1982,
	Author = {Gennaro Chierchia},
	Date-Added = {2014-05-10 15:37:48 +0000},
	Date-Modified = {2014-05-10 15:38:42 +0000},
	Journal = {Linguistics and Philosophy},
	Pages = {303-354},
	Title = {Nominalization and {M}ontague {G}rammar},
	Volume = {5},
	Year = {1982}}

@book{barwiseperry1983,
	Address = {Cambridge, MA},
	Author = {Jon Barwise and John Perry},
	Date-Added = {2014-05-10 15:36:06 +0000},
	Date-Modified = {2014-05-10 15:37:33 +0000},
	Publisher = {{MIT} Press},
	Title = {Situations and Attitudes},
	Year = {1983}}

@book{cresswell1985,
	Address = {Cambridge, MA},
	Author = {M J Cresswell},
	Date-Added = {2014-05-10 15:35:13 +0000},
	Date-Modified = {2014-05-10 15:36:04 +0000},
	Publisher = {{MIT} Press},
	Title = {Structured Meaning},
	Year = {1985}}

@incollection{parsons1979,
	Address = {Austin, TX},
	Author = {Terence Parsons},
	Booktitle = {Linguistics, Philosoph, and {M}ontague Grammar},
	Date-Added = {2014-05-10 15:32:52 +0000},
	Date-Modified = {2014-05-10 15:35:04 +0000},
	Editor = {M Mithun and S Davis},
	Publisher = {University of Texas Press},
	Title = {Type Theory and Ordinary Language},
	Year = {1979}}

@book{bealer1982,
	Address = {Oxford},
	Author = {G Bealer},
	Date-Added = {2014-05-10 14:39:45 +0000},
	Date-Modified = {2014-05-10 14:40:22 +0000},
	Publisher = {Clarendon Press},
	Title = {Quantity and Concept},
	Year = {1982}}

@article{thomason1980,
	Author = {R Thomason},
	Date-Added = {2014-05-10 14:38:37 +0000},
	Date-Modified = {2014-05-10 14:39:25 +0000},
	Journal = {Linguistics and Philosophy},
	Pages = {47-70},
	Title = {A Model Theory for Propositional Attitudes},
	Volume = {4},
	Year = {1980}}

@article{turner1987,
	Author = {Ray Turner},
	Date-Added = {2014-05-10 14:36:49 +0000},
	Date-Modified = {2014-05-10 14:37:31 +0000},
	Journal = {The Journal of Symbolic Logic},
	Number = {2},
	Pages = {455-472},
	Title = {A Theory of Properties},
	Volume = {52},
	Year = {1987}}

@inproceedings{montague1973,
	Address = {Dordrecht},
	Author = {Richard Montague},
	Booktitle = {Approaches to Natural Language},
	Date-Added = {2014-05-09 20:00:04 +0000},
	Date-Modified = {2014-05-09 20:02:42 +0000},
	Editor = {K J J Hintikka and J M E Moravcsik and P Suppes},
	Pages = {221-242},
	Publisher = {Reidel},
	Series = {Synthese Library},
	Title = {The Proper Treatment of Quantification in Ordinary {E}nglish},
	Volume = {49},
	Year = {1973}}

@inproceedings{montague1970,
	Author = {Richard Montague},
	Date-Added = {2014-05-09 19:57:55 +0000},
	Date-Modified = {2014-05-09 19:59:29 +0000},
	Title = {English as a Formal Language}}

@inproceedings{dayal1992,
	Author = {Veneeta Dayal},
	Booktitle = {Semantics and {L}inguistic {T}heory ({SALT}) 2},
	Date-Added = {2014-05-09 19:47:04 +0000},
	Date-Modified = {2014-10-16 16:49:35 +0000},
	Editor = {Chris Barker and David Dowty},
	Pages = {39-58},
	Series = {{OSU} Working Papers in Linguistics},
	Title = {The Singular-Plural Distinction in {H}indi Generics},
	Volume = {40},
	Year = {1992}}

@article{pelletierschubert1989,
	Author = {Francis Jeffry Pelletier and Lenhart K Schubert},
	Date-Added = {2014-05-08 21:05:09 +0000},
	Date-Modified = {2014-05-08 21:06:17 +0000},
	Journal = {Handbook of Philosophical Logic},
	Pages = {327-407},
	Title = {Mass Expressions},
	Volume = {4},
	Year = {1989}}

@article{chierchiaturner1988,
	Author = {Gennaro Chierchia and Raymond Turner},
	Date-Added = {2014-05-06 20:51:17 +0000},
	Date-Modified = {2014-05-06 20:52:20 +0000},
	Journal = {Linguistics and Philosophy},
	Pages = {261-302},
	Title = {Semantics and Property Theory},
	Volume = {11},
	Year = {1988}}

@article{bach1986,
	Author = {Emmon Bach},
	Date-Added = {2014-05-06 19:38:54 +0000},
	Date-Modified = {2014-05-06 19:39:25 +0000},
	Journal = {Linguistics and Philosophy},
	Pages = {5-16},
	Title = {The Algebra of Events},
	Volume = {9},
	Year = {1986}}

@book{dollingetal2008,
	Address = {Berlin},
	Date-Added = {2014-05-06 19:35:37 +0000},
	Date-Modified = {2014-05-06 19:38:03 +0000},
	Editor = {Johannes D\"{o}lling and Tatjana Heyde-Zybatow and Martin Sch\"{a}fer},
	Publisher = {Walter de Gruyter},
	Title = {Event Structures in Linguistic Form and Interpretation},
	Year = {2008}}

@book{lasersohn1995,
	Address = {Dordrecht},
	Author = {Peter N Lasersohn},
	Date-Added = {2014-05-06 19:34:13 +0000},
	Date-Modified = {2014-05-06 19:35:15 +0000},
	Publisher = {Kluwer Academic Publishers},
	Title = {Plurality, Conjunction and Events},
	Year = {1995}}

@book{schein1993,
	Address = {Cambridge, MA},
	Author = {Barry Schein},
	Date-Added = {2014-05-06 19:32:51 +0000},
	Date-Modified = {2014-05-06 19:33:37 +0000},
	Publisher = {{MIT} Press},
	Title = {Plurals and Events},
	Year = {1993}}

@incollection{davidson1967,
	Address = {Pittsburgh},
	Author = {D. Davidson},
	Booktitle = {The Logic of Decision and Action},
	Date-Added = {2014-05-06 19:25:43 +0000},
	Date-Modified = {2014-11-10 23:46:18 +0000},
	Editor = {N. Rescher},
	Pages = {81-120},
	Publisher = {University of Pittsburgh Press},
	Title = {The Logical Form of Action Sentences},
	Year = {1967}}

@book{halmos1950,
	Address = {New York},
	Author = {Paul Richard Halmos},
	Date-Added = {2014-05-05 14:42:50 +0000},
	Date-Modified = {2014-05-05 14:44:20 +0000},
	Publisher = {D. Van Nostrand},
	Title = {Measure Theory},
	Year = {1950}}

@article{parsons1970,
	Author = {Terence Parsons},
	Date-Added = {2014-05-05 14:36:44 +0000},
	Date-Modified = {2014-05-05 14:37:23 +0000},
	Journal = {Foundations of Language},
	Number = {3},
	Pages = {362-388},
	Title = {An Analysis of Mass Terms and Amount Terms},
	Volume = {6},
	Year = {1970}}

@book{russell1938,
	Author = {Bertrand Russell},
	Date-Added = {2014-05-05 14:09:12 +0000},
	Date-Modified = {2014-05-05 14:13:33 +0000},
	Edition = {2nd},
	Publisher = {W.W. Norton},
	Title = {The Principles of Mathematics},
	Year = {1938}}

@article{cartwright1970,
	Author = {Helen Morris Cartwright},
	Date-Added = {2014-05-05 14:05:51 +0000},
	Date-Modified = {2014-05-05 14:15:30 +0000},
	Journal = {The Philosophical Review},
	Number = {1},
	Pages = {25-42},
	Title = {Quantities},
	Volume = {79},
	Year = {1970}}

@incollection{zamparelli2008,
	Author = {Roberto Zamparelli},
	Booktitle = {Essays on Nominal Determination},
	Date-Added = {2014-05-04 19:12:47 +0000},
	Date-Modified = {2014-05-04 19:33:24 +0000},
	Editor = {H M\"{u}ller and A Klinge},
	Pages = {101-130},
	Publisher = {John Benjamins},
	Title = {Bare Predicate Nominals in {R}omance Languages},
	Year = {2008}}

@unpublished{tsoulas2006,
	Address = {Barcelona},
	Author = {George Tsoulas},
	Date-Added = {2014-05-04 18:06:58 +0000},
	Date-Modified = {2014-05-04 18:12:32 +0000},
	Note = {Paper presented at {GLOW} 29},
	Title = {Plurality of Mass Nouns and the Grammar of Number},
	Year = {2006}}

@incollection{gillon2010,
	Address = {University of British Columbia},
	Author = {Carrie Gillon},
	Booktitle = {Proceedings of {WSCLA} 15},
	Date-Added = {2014-05-04 18:05:39 +0000},
	Date-Modified = {2014-05-04 18:06:52 +0000},
	Editor = {B Rogers and A Szakay},
	Title = {The Mass/Count Distinction in {I}nnu-aimun: Implications for the Meaning of Plurality},
	Year = {2010}}

@article{pelletier1975,
	Author = {Francis Jeffry Pelletier},
	Date-Added = {2014-05-01 15:54:25 +0000},
	Date-Modified = {2014-05-01 15:55:15 +0000},
	Journal = {Philosophia},
	Number = {4},
	Title = {Non-singular Reference: Some Preliminaries},
	Volume = {5},
	Year = {1975}}

@incollection{spelke1991,
	Address = {Hillsdale, NJ},
	Author = {Elizabeth S Spelke},
	Booktitle = {Epigenesis of Mind: Studies in Biology and Cognition},
	Date-Added = {2014-05-01 15:11:18 +0000},
	Date-Modified = {2014-05-01 15:12:58 +0000},
	Editor = {Susan Carey and R Gelman},
	Publisher = {Erlbaum},
	Title = {Physical Knowledge in Infancy: Reflections on {P}iaget's Theory},
	Year = {1991}}

@incollection{carey1992,
	Address = {Minneapolis},
	Author = {Susan Carey},
	Booktitle = {Cognitive Models of Science},
	Date-Added = {2014-05-01 15:08:31 +0000},
	Date-Modified = {2014-05-01 15:10:02 +0000},
	Editor = {R Giere},
	Pages = {89-128},
	Publisher = {University of Minnesota Press},
	Series = {Minnesota Studies in the Philosophy of Science, Vol. XV},
	Title = {The Origin and Evolution of Everyday Concepts},
	Year = {1992}}

@article{schwarzschild2008,
	Author = {Roger Schwarzschild},
	Date-Added = {2014-04-28 16:50:42 +0000},
	Date-Modified = {2014-04-28 16:51:28 +0000},
	Journal = {Language and Linguistics Compass},
	Number = {2},
	Pages = {308-331},
	Title = {The Semantics of Comparatives and Other Degree Constructions},
	Volume = {2},
	Year = {2008}}

@inproceedings{scontras2013salt,
	Author = {Gregory Scontras},
	Booktitle = {Proceedings of {SALT} 23},
	Date-Added = {2014-04-28 14:26:40 +0000},
	Date-Modified = {2014-04-28 14:28:05 +0000},
	Editor = {Todd Snider},
	Pages = {549-569},
	Title = {Accounting for Counting: A Unified Semantics for Measure Terms and Classifiers},
	Year = {2013}}

@incollection{cresswell1977,
	Author = {M J Cresswell},
	Date-Added = {2014-04-27 20:02:05 +0000},
	Date-Modified = {2014-04-27 20:03:10 +0000}}

@incollection{seuren1973,
	Address = {Dordrecht},
	Author = {Pierter A. M. Seuren},
	Booktitle = {Generative Grammar in {E}urope},
	Date-Added = {2014-04-27 20:00:29 +0000},
	Date-Modified = {2014-10-16 17:01:41 +0000},
	Editor = {F. Kiefer and N. Ruwet},
	Pages = {528-564},
	Publisher = {Reidel},
	Title = {The Comparative},
	Year = {1973}}

@article{leonardgoodman1940,
	Author = {Henry S. Leonard and Nelson Goodman},
	Date-Added = {2014-04-14 20:36:44 +0000},
	Date-Modified = {2014-04-14 20:37:44 +0000},
	Journal = {Journal of Symbolic Logic},
	Pages = {45-55},
	Title = {The Calculus of Individuals and Its Uses},
	Volume = {5},
	Year = {1940}}

@book{casativarzi1999,
	Address = {Cambridge, MA},
	Author = {Roberto Casati and Achille C Varzi},
	Date-Added = {2014-04-14 19:48:48 +0000},
	Date-Modified = {2014-04-14 19:50:36 +0000},
	Publisher = {{MIT} Press},
	Title = {Parts and Places: The Structures of Spatial Representation},
	Year = {1999}}

@inproceedings{varzi2007,
	Address = {Berlin},
	Author = {Achille C Varzi},
	Booktitle = {Handbook of Spatial Logics},
	Date-Added = {2014-04-14 19:46:56 +0000},
	Date-Modified = {2014-04-14 19:48:35 +0000},
	Editor = {Marco Aiello and Ian E Pratt-Hartmann and Johan van Benthem},
	Pages = {945-1038},
	Publisher = {Springer},
	Title = {Spatial Reasoning and Ontology: Parts, Wholes, and Locations},
	Year = {2007}}

@phdthesis{lima2014,
	Author = {Suzi Lima},
	Date-Added = {2014-04-09 20:17:02 +0000},
	Date-Modified = {2014-04-09 20:20:10 +0000},
	School = {University of Massachusetts Amherst},
	Title = {The Grammar of Individuation and Counting},
	Year = {2014}}

@phdthesis{grimm2012,
	Author = {Scott Grimm},
	Date-Added = {2014-04-09 20:15:51 +0000},
	Date-Modified = {2014-04-09 20:16:48 +0000},
	School = {Stanford University},
	Title = {Number and Individuation},
	Year = {2012}}

@book{citko2011,
	Address = {Cambridge},
	Author = {Barbara Citko},
	Date-Added = {2014-04-03 15:44:46 +0000},
	Date-Modified = {2014-04-03 15:45:36 +0000},
	Publisher = {Cambridge University Press},
	Title = {Symmetry in Syntax: Merge, Move and Labels},
	Year = {2011}}

@book{moro2000,
	Address = {Cambridge, MA},
	Author = {Andrea Moro},
	Date-Added = {2014-04-03 15:44:08 +0000},
	Date-Modified = {2014-04-03 15:44:45 +0000},
	Publisher = {{MIT} Press},
	Title = {Dynamic Antisymmetry},
	Year = {2000}}

@phdthesis{stowell1981,
	Author = {Timothy Stowell},
	Date-Added = {2014-04-03 15:43:26 +0000},
	Date-Modified = {2014-04-03 15:44:06 +0000},
	School = {Massachusetts Institute of Technology},
	Title = {Origins of Phrase Structure},
	Year = {1981}}

@article{citko2011llc,
	Author = {Barbara Citko},
	Date-Added = {2014-04-03 15:42:21 +0000},
	Date-Modified = {2014-04-03 15:43:24 +0000},
	Journal = {Language and Linguistics Compass},
	Number = {10},
	Pages = {748-763},
	Title = {Small Clauses},
	Volume = {5},
	Year = {2011}}

@phdthesis{safir1982,
	Author = {Kenneth Safir},
	Date-Added = {2014-03-23 16:51:46 +0000},
	Date-Modified = {2014-03-23 16:52:43 +0000},
	School = {Massachusetts Institute of Technology},
	Title = {Syntactic Chains and the Definiteness Effect},
	Year = {1982}}

@incollection{mcnally,
	Address = {Cambridge},
	Author = {Louise McNally},
	Booktitle = {Cambridge Handbook of Semantics},
	Date-Added = {2014-03-21 14:46:42 +0000},
	Date-Modified = {2014-03-21 14:46:42 +0000},
	Editor = {M. Aloni and P. Dekker},
	Publisher = {Cambridge University Press},
	Title = {Modification},
	Year = {to appear}}

@article{scontrasnicolae2014,
	Author = {Gregory Scontras and Andreea Cristina Nicolae},
	Date-Added = {2014-03-20 20:42:56 +0000},
	Date-Modified = {2014-10-21 23:28:55 +0000},
	Journal = {Lingua},
	Pages = {17-33},
	Title = {Saturating Syntax: Linkers and Modification in {T}agalog},
	Volume = {149},
	Year = {2014}}

@article{sharvy1980,
	Author = {Richard Sharvy},
	Date-Added = {2014-03-20 18:28:51 +0000},
	Date-Modified = {2014-03-20 18:29:37 +0000},
	Journal = {The Philosophical Review},
	Number = {4},
	Pages = {607-624},
	Title = {A More General Theory of Definite Descriptions},
	Volume = {89},
	Year = {1980}}

@incollection{lewis1975,
	Address = {Cambridge},
	Author = {David Lewis},
	Booktitle = {Formal Semantics of Natural Language},
	Date-Added = {2014-03-18 13:19:01 +0000},
	Date-Modified = {2014-03-18 13:29:16 +0000},
	Editor = {E Keenan},
	Publisher = {Cambridge University Press},
	Title = {Adverbs of Quantification},
	Year = {1975}}

@book{carlsonpelletier1995,
	Address = {Chicago},
	Date-Added = {2014-03-18 13:15:34 +0000},
	Date-Modified = {2014-03-18 13:16:23 +0000},
	Editor = {Gregory N. Carlson and Francis Jeffry Pelletier},
	Publisher = {The University of Chicago Press},
	Title = {The Generic Book},
	Year = {1995}}

@incollection{chierchia1995generics,
	Address = {Chicago},
	Author = {Gennaro Chierchia},
	Booktitle = {The Generic Book},
	Date-Added = {2014-03-18 13:10:48 +0000},
	Date-Modified = {2014-03-18 13:16:39 +0000},
	Editor = {Gregory N. Carlson and Francis Jeffry Pelletier},
	Pages = {176-223},
	Publisher = {The University of Chicago Press},
	Title = {Individual Level PRedicates as Inherent Generics},
	Year = {1995}}

@book{vangeenhoven1998,
	Address = {Stanford, CA},
	Author = {Veerle van Geenhoven},
	Date-Added = {2014-03-17 20:34:54 +0000},
	Date-Modified = {2014-03-17 20:39:02 +0000},
	Publisher = {CSLI Publications},
	Title = {Semantic Incorporation and Indefinite Descriptions: Semantic and Syntactic Aspects of Noun Incorporation in {W}est {G}reenlandic},
	Year = {1998}}

@phdthesis{milsark1974,
	Author = {Gary Milsark},
	Date-Added = {2014-03-06 16:48:16 +0000},
	Date-Modified = {2014-03-06 16:48:52 +0000},
	School = {Massachusetts Institute of Technology},
	Title = {Existential Sentences in {E}nglish},
	Year = {1974}}

@incollection{zamparelli1998,
	Address = {Amsterdam},
	Author = {Roberto Zamparelli},
	Booktitle = {Possessors, Predicates and Movement in the Determiner Phrase},
	Date-Added = {2014-03-06 16:19:39 +0000},
	Date-Modified = {2014-10-16 17:08:12 +0000},
	Editor = {Artemis Alexiadou and Chris Wilder},
	Pages = {259-301},
	Publisher = {John Benjamins},
	Title = {A Theory of Kinds, Partitives and \emph{of}/\emph{z} Possessives},
	Year = {1998}}

@incollection{wilkinson1995,
	Address = {Chicago},
	Author = {Karina Wilkinson},
	Booktitle = {The Generic Book},
	Date-Added = {2014-03-06 16:17:58 +0000},
	Date-Modified = {2014-03-18 17:08:40 +0000},
	Editor = {Gregory N. Carlson and Francis Jeffry Pelletier},
	Pages = {383-397},
	Publisher = {The University of Chicago Press},
	Title = {The Semantics of the Common Noun \emph{kind}},
	Year = {1995}}

@article{bockmiller1991,
	Author = {Kathryn Bock and Carol A. Miller},
	Date-Added = {2014-02-08 17:38:22 +0000},
	Date-Modified = {2014-02-08 17:41:09 +0000},
	Journal = {Cognitive Psychology},
	Pages = {45-93},
	Title = {Broken Agreement},
	Volume = {23},
	Year = {1991}}

@article{bale2011,
	Author = {Alan Bale},
	Date-Added = {2014-02-07 14:44:49 +0000},
	Date-Modified = {2014-02-07 14:45:25 +0000},
	Journal = {Natural Language Semantics},
	Number = {2},
	Pages = {169-190},
	Title = {Scales and Comparison Classes},
	Volume = {19},
	Year = {2011}}

@unpublished{bale2007,
	Author = {Alan Bale},
	Date-Added = {2014-02-07 14:43:28 +0000},
	Date-Modified = {2014-02-07 14:44:46 +0000},
	Month = {September},
	Note = {Handout for International Conference on Adjectives (Lille, France)},
	Title = {Boolean \emph{and} and the Semantic Correlates of Gradable Adjectives},
	Year = {2007}}

@incollection{faller2000,
	Address = {Stanford},
	Author = {Martina Faller},
	Booktitle = {Formalizing the Dynamics of Information},
	Date-Added = {2014-02-07 14:41:48 +0000},
	Date-Modified = {2014-02-07 14:43:09 +0000},
	Editor = {Martina Faller and Stefan Kaufmann and Marc Pauly},
	Pages = {151-170},
	Publisher = {CSLI},
	Title = {Dimensional Adjectives and Measure Phrases in Vector Space Semantics},
	Year = {2000}}

@inproceedings{schwarzschild2013,
	Author = {Roger Schwarzschild},
	Booktitle = {Semantics and {L}inguistic {T}heory ({SALT}) 23},
	Date-Added = {2014-02-07 14:40:36 +0000},
	Date-Modified = {2014-02-07 14:41:15 +0000},
	Pages = {212-238},
	Title = {Degrees and Segments},
	Year = {2013}}

@inproceedings{scontrasetal2014sub,
	Author = {Scontras, Gregory and Tsai, Cheng-Yu Edwin and Mai, Kenneth and Polinsky, Maria},
	Booktitle = {Proceedings of {S}inn und {B}edeutung 18},
	Date-Added = {2014-01-30 16:08:14 +0000},
	Date-Modified = {2014-10-21 23:50:04 +0000},
	Pages = {396-414},
	Title = {Chinese Scope: An Experimental Investigation},
	Year = {2014}}

@article{partee1975,
	Author = {Barbara Partee},
	Date-Added = {2014-01-29 21:24:01 +0000},
	Date-Modified = {2014-01-29 21:25:09 +0000},
	Journal = {Linguistic Inquiry},
	Pages = {203-300},
	Title = {Montague Grammar and Transformational Grammar},
	Volume = {6},
	Year = {1975}}

@incollection{montague1974,
	Address = {New Haven},
	Author = {Richard Montague},
	Booktitle = {Formal Philosophy: Selected Papers of {R}ichard {M}ontague},
	Date-Added = {2014-01-29 21:22:47 +0000},
	Date-Modified = {2014-10-16 16:52:31 +0000},
	Editor = {Richmond H. Thomason},
	Pages = {188-226},
	Publisher = {Yale University Press},
	Title = {English as a Formal Language},
	Year = {1974}}

@incollection{chomsky1977,
	Address = {New York},
	Author = {Noam Chomsky},
	Booktitle = {Formal Syntax},
	Date-Added = {2014-01-29 21:20:44 +0000},
	Date-Modified = {2014-01-29 21:22:02 +0000},
	Editor = {Peter W. Culicover and Thomas Wasow and Adrian Akmajian},
	Pages = {71-132},
	Publisher = {Academic Press},
	Title = {On \emph{Wh}-movement},
	Year = {1977}}

@article{afarli1994,
	Author = {T {\AA}farli},
	Date-Added = {2014-01-29 21:18:25 +0000},
	Date-Modified = {2014-01-29 21:26:09 +0000},
	Journal = {Linguistic Review},
	Number = {1},
	Pages = {81-100},
	Title = {A Promotion Analysis of Restrictive Relative Clauses},
	Volume = {11},
	Year = {1994}}

@phdthesis{sauerland1998,
	Author = {Uli Sauerland},
	Date-Added = {2014-01-29 21:15:14 +0000},
	Date-Modified = {2014-01-29 21:15:42 +0000},
	School = {Massachusetts Institute of Technology},
	Title = {The Meaning of Chains},
	Year = {1998}}

@phdthesis{vrojas2012,
	Author = {Violeta V\'{a}zquez-Rojas},
	Date-Added = {2013-11-14 20:21:02 +0000},
	Date-Modified = {2013-11-14 20:22:16 +0000},
	School = {New York University},
	Title = {The Syntax and Semantics of {P}ur\'{e}pecha Noun Phrases and the Mass/Count Distinction},
	Year = {2012}}

@book{quine1960,
	Address = {Cambridge, MA},
	Author = {Willard Van Orman Quine},
	Date-Added = {2013-11-14 15:40:41 +0000},
	Date-Modified = {2013-11-14 15:41:50 +0000},
	Publisher = {{MIT} Press},
	Title = {Word and Object},
	Year = {1960}}

@book{jesperson1924,
	Address = {London},
	Author = {Otto Jesperson},
	Date-Added = {2013-11-14 15:38:16 +0000},
	Date-Modified = {2013-11-14 15:39:07 +0000},
	Publisher = {Allen and Unwin},
	Title = {The Philosophy of Grammar},
	Year = {1924}}

@incollection{eschenbachetal1989,
	Address = {Manchester},
	Author = {C Eschenbach and C Habel and M Herweg and K Rehk{\"a}mper},
	Booktitle = {Proceedings of the Fourth Conference of the {E}uropean {C}hapter of the {A}ssociation for {C}omputational {L}inguistics},
	Date-Added = {2013-11-13 16:22:59 +0000},
	Date-Modified = {2013-11-13 16:25:00 +0000},
	Pages = {161-167},
	Title = {Remarks on Plural Anaphora},
	Year = {1989}}

@article{kaupetal2002,
	Author = {Barbara Kaup and Stephanie Kelter and Christopher Habel},
	Date-Added = {2013-11-13 13:59:33 +0000},
	Date-Modified = {2013-11-13 14:00:57 +0000},
	Journal = {Language and Cognitive Processes},
	Number = {4},
	Pages = {405-450},
	Title = {Representing Referents of Plural Expressions and Resolving Plural Anaphors},
	Volume = {17},
	Year = {2002}}

@book{schwarzschild1996,
	Author = {Roger Schwarzschild},
	Date-Added = {2013-11-08 13:52:49 +0000},
	Date-Modified = {2013-11-08 13:53:19 +0000},
	Publisher = {Kluwer Academic Publishers},
	Title = {Pluralities},
	Year = {1996}}

@article{fox2002,
	Author = {Danny Fox},
	Date-Added = {2013-11-05 20:57:00 +0000},
	Date-Modified = {2013-11-05 20:59:09 +0000},
	Journal = {Linguistic Inquiry},
	Number = {1},
	Pages = {63-96},
	Title = {Antecedent-Contained Deletion and the Copy Theory of Movement},
	Volume = {33},
	Year = {2002}}

@article{donaticecchetto2011,
	Author = {Caterina Donati and Carlo Cecchetto},
	Date-Added = {2013-11-05 20:34:17 +0000},
	Date-Modified = {2013-11-05 20:35:29 +0000},
	Journal = {Linguistic Inquiry},
	Number = {4},
	Pages = {519-560},
	Title = {Relabeling Heads: A Unified Account for Relativization Structures},
	Volume = {42},
	Year = {2011}}

@incollection{higginbothamschein1989,
	Address = {Amherst, MA},
	Author = {James Higginbotham and Barry Schein},
	Booktitle = {Proceedings of {NELS} 19},
	Date-Added = {2013-11-02 19:40:28 +0000},
	Date-Modified = {2015-01-20 18:21:46 +0000},
	Editor = {Juli Carter and Rose-Marie D\'{e}chaine},
	Pages = {161-175},
	Publisher = {Graduate Linguistics Students Association, University of Massachusetts},
	Title = {Plurals},
	Year = {1989}}

@book{zhang2013,
	Address = {Berlin},
	Author = {Niina Ning Zhang},
	Date-Added = {2013-11-01 20:45:39 +0000},
	Date-Modified = {2013-11-01 20:46:51 +0000},
	Publisher = {Mouton de Gruyter},
	Title = {Classifier Structures in {M}andarin {C}hinese},
	Year = {2013}}

@article{patsonferreira2009,
	Author = {Nikole D. Patson and Fernanda Ferreira},
	Date-Added = {2013-11-01 19:23:08 +0000},
	Date-Modified = {2013-11-01 19:24:01 +0000},
	Journal = {Journal of Memory and Language},
	Pages = {464-486},
	Title = {Conceptual plural information is used to guide early parsing decisions: Evidence from garden-path sentences with reciprocal verbs},
	Volume = {60},
	Year = {2009}}

@incollection{heim1987,
	Address = {Cambridge, MA},
	Author = {Irene Heim},
	Booktitle = {The Representation of (in)definiteness},
	Date-Added = {2013-10-29 21:32:09 +0000},
	Date-Modified = {2014-10-16 16:51:29 +0000},
	Editor = {Eric J. Reuland and Alice G. B. ter Meulen},
	Pages = {21-42},
	Publisher = {{MIT} Press},
	Title = {Where Does the {D}efiniteness {R}estriction Apply? {E}vidence from the Definiteness of Variables},
	Year = {1987}}

@incollection{schwarzschild2011,
	Address = {Amherst, MA},
	Author = {Roger Schwarzschild},
	Booktitle = {Proceedings of {NELS} 39},
	Date-Added = {2013-10-25 15:32:25 +0000},
	Date-Modified = {2015-01-20 18:22:59 +0000},
	Editor = {Suzi Lima and Kevin Mullin and Brian Smith},
	Pages = {661-678},
	Publisher = {Graduate Linguistics Students Association, University of Massachusetts},
	Title = {Stubborn Distributivity, Multiparticipant Nouns and the Count/Mass Distinction},
	Year = {2011}}

@phdthesis{kadmon1987,
	Author = {Nirit Kadmon},
	Date-Added = {2013-10-23 16:18:38 +0000},
	Date-Modified = {2013-10-23 16:19:35 +0000},
	School = {University of Massachusetts Amherst},
	Title = {On Unique and Non-Unique Reference and Asymmetric Quantification},
	Year = {1987}}

@incollection{partee1987,
	Address = {Dordrecht},
	Author = {Barbara H. Partee},
	Booktitle = {Studies in Discourse Representation Theory and the Theory of Generalized Quantifiers},
	Date-Added = {2013-10-23 15:21:55 +0000},
	Date-Modified = {2014-10-16 16:55:31 +0000},
	Editor = {Jeroen Groenendijk and Dick de Jongh and Martin Stokhof},
	Pages = {115-143},
	Publisher = {Foris},
	Title = {Noun Phrase Interpretation and Type-Shifting Principles},
	Year = {1987}}

@unpublished{chierchiams,
	Author = {Gennaro Chierchia},
	Date-Added = {2013-10-22 22:27:48 +0000},
	Date-Modified = {2013-10-22 22:29:43 +0000},
	Title = {How Universal is the Mass/Count Distinction? {T}hree Grammars of Counting},
	Year = {2013}}

@article{grosulandman1998,
	Author = {Alexander Grosu and Fred Landman},
	Date-Added = {2013-10-22 20:29:54 +0000},
	Date-Modified = {2013-10-22 20:30:53 +0000},
	Journal = {Natural Language Semantics},
	Pages = {125-170},
	Title = {Strange Relatives of the Third Kind},
	Volume = {6},
	Year = {1998}}

@article{carlson1977ar,
	Author = {Gregory Carlson},
	Date-Added = {2013-10-22 20:29:11 +0000},
	Date-Modified = {2013-10-22 22:25:34 +0000},
	Journal = {Language},
	Number = {3},
	Pages = {520-542},
	Title = {Amount Relatives},
	Volume = {53},
	Year = {1977}}

@inproceedings{tsaietal2014,
	Author = {Cheng-Yu Edwin Tsai and Gregory Scontras and Kenneth Mai and Maria Polinsky},
	Booktitle = {Empirical Issues in Syntax and Semantics 10},
	Date-Added = {2013-10-22 03:32:17 +0000},
	Date-Modified = {2014-02-06 01:35:19 +0000},
	Editor = {Christopher {Pi\~{n}on}},
	Title = {Prohibiting Inverse Scope: An Experimental Study of {C}hinese vs$.$ {E}nglish},
	Year = {2014}}

@incollection{zwart2000,
	Address = {Amsterdam},
	Author = {Jan-Wouter Zwart},
	Booktitle = {The Syntax of Relative Clauses},
	Date-Added = {2013-10-17 22:08:42 +0000},
	Date-Modified = {2013-10-17 22:10:29 +0000},
	Editor = {A Alexiadou and P Law and A Meinunger and C Wilder},
	Pages = {349-385},
	Publisher = {John Benjamins},
	Title = {A head-raising analysis of relative clauses in {D}utch},
	Year = {2000}}

@article{kurtzmanmacdonald1993,
	Author = {Howard S Kurtzman and Maryellen C MacDonald},
	Date-Added = {2013-10-07 21:02:03 +0000},
	Date-Modified = {2013-10-07 21:03:14 +0000},
	Journal = {Cognition},
	Pages = {243-279},
	Title = {Resolution of Quantifier Scope Ambiguities},
	Volume = {48},
	Year = {1993}}

@misc{leddonetal2004,
	Author = {E M Leddon and J Lidz and J B Pierrehumbert},
	Date-Added = {2013-10-03 19:24:02 +0000},
	Date-Modified = {2013-10-03 19:25:54 +0000},
	Howpublished = {CUNY Sentence Processing Conference, College Park, MD, March.},
	Title = {Suprasegmental Cues to Meaning in Child-directed Speech},
	Year = {2004}}

@article{patsonwarren2011,
	Author = {Nikole D. Patson and Tessa Warren},
	Date-Added = {2013-08-21 21:23:32 +0000},
	Date-Modified = {2013-08-21 21:24:41 +0000},
	Journal = {Journal of Memory and Language},
	Pages = {443-459},
	Title = {Building Complex Reference Objects from Dual Sets},
	Volume = {64},
	Year = {2011}}

@phdthesis{grant2013,
	Author = {Margaret Ann Grant},
	Date-Added = {2013-08-21 20:18:56 +0000},
	Date-Modified = {2013-08-21 20:19:35 +0000},
	School = {University of Massachusetts, Amherst},
	Title = {The Parsing and Interpretation of Comparatives: More than Meets the Eye},
	Year = {2013}}

@misc{patsonetal2012,
	Author = {Nikole D. Patson and Gerret George and Tessa Warren},
	Date-Added = {2013-08-21 20:17:04 +0000},
	Date-Modified = {2013-08-21 20:41:14 +0000},
	Howpublished = {Poster presentation at the 25th annual CUNY conference on Human Sentence Processing},
	Month = {March},
	Title = {The Mental Representation of Plurals},
	Year = {2012}}

@book{johnsonlaird1983,
	Address = {Cambridge, MA},
	Author = {P. N. Johnson-Laird},
	Date-Added = {2013-08-21 20:14:25 +0000},
	Date-Modified = {2013-08-21 20:15:17 +0000},
	Publisher = {Harvard University Press},
	Title = {Mental Models: Toward a Cognitive Science of Language, Inference and Consciousness},
	Year = {1983}}

@article{murphy1984,
	Author = {Gregory L. Murphy},
	Date-Added = {2013-08-21 20:05:12 +0000},
	Date-Modified = {2013-08-21 20:07:01 +0000},
	Journal = {Memory and Cognition},
	Number = {5},
	Pages = {489-497},
	Title = {Establishing and Accessing Referents in Discourse},
	Volume = {12},
	Year = {1984}}

@book{loemker1969,
	Address = {Dordrecht},
	Author = {L Loemker},
	Date-Added = {2013-08-21 04:41:16 +0000},
	Date-Modified = {2013-08-21 04:42:56 +0000},
	Edition = {2nd},
	Publisher = {D. Reidel},
	Title = {G. W. Leibniz: Philosophical Papers and Letters},
	Year = {1969}}

@article{zhougao2009,
	Author = {Peng Zhou and Liqun Gao},
	Date-Added = {2013-08-14 03:01:31 +0000},
	Date-Modified = {2013-09-26 21:57:21 +0000},
	Journal = {Journal of Psycholinguistic Research},
	Pages = {11-24},
	Title = {Scope Processing in {C}hinese},
	Volume = {38},
	Year = {2009}}

@article{winter1997,
	Author = {Yoad Winter},
	Date-Added = {2013-08-14 03:00:51 +0000},
	Date-Modified = {2013-08-14 03:01:29 +0000},
	Journal = {Linguistics and Philosophy},
	Pages = {399-467},
	Title = {Choice Functions and the Scopal Semantics of Indefinites},
	Volume = {20},
	Year = {1997}}

@article{wang1965,
	Author = {S.-Y. William Wang},
	Date-Added = {2013-08-14 03:00:03 +0000},
	Date-Modified = {2013-08-14 03:00:48 +0000},
	Journal = {Language},
	Pages = {457-470},
	Title = {Two Aspect Markers in {M}andarin},
	Volume = {41},
	Year = {1965}}

@phdthesis{vergnaud1974,
	Author = {Jean-Roger Vergnaud},
	Date-Added = {2013-08-14 02:59:22 +0000},
	Date-Modified = {2013-08-14 03:00:00 +0000},
	School = {Massachusetts Institute of Technology},
	Title = {French Relative Clauses},
	Year = {1974}}

@article{tsai2001,
	Author = {W.-T. Dylan Tsai},
	Date-Added = {2013-08-14 02:57:43 +0000},
	Date-Modified = {2013-08-14 02:58:22 +0000},
	Journal = {Journal of East Asian Linguistics},
	Pages = {129-168},
	Title = {On Subject Specificity and Theory of Syntax-Semantics Interface},
	Volume = {10},
	Year = {2001}}

@article{teng1995,
	Author = {Shou-Hsin Teng},
	Date-Added = {2013-08-14 02:56:52 +0000},
	Date-Modified = {2013-08-14 02:57:42 +0000},
	Journal = {Cahiers de Linguistique - Asie Orientale},
	Number = {1},
	Pages = {3-28},
	Title = {Verb Compounding in Taiwanese},
	Volume = {24},
	Year = {1995}}

@phdthesis{tunstall1998,
	Author = {Susanne Tunstall},
	Date-Added = {2013-08-14 02:56:10 +0000},
	Date-Modified = {2013-08-14 02:56:51 +0000},
	School = {University of Massachusetts, Amherst},
	Title = {The Interpretation of Quantifiers: Semantics and Processing},
	Year = {1998}}

@phdthesis{ruys1992,
	Author = {E. G. Ruys},
	Date-Added = {2013-08-14 02:55:27 +0000},
	Date-Modified = {2013-08-14 02:56:09 +0000},
	School = {Utrecht University},
	Title = {The Scope of Indefinites},
	Year = {1992}}

@article{reinhart1997,
	Author = {Tanya Reinhart},
	Date-Added = {2013-08-14 02:54:35 +0000},
	Date-Modified = {2013-08-14 02:55:26 +0000},
	Journal = {Linguistics and Philosophy},
	Pages = {335-397},
	Title = {Quantifier Scope: How Labor is Divided between {QR} and Choice Functions},
	Volume = {20},
	Year = {1997}}

@phdthesis{reinhart1976,
	Author = {Tanya Reinhart},
	Date-Added = {2013-08-14 02:53:55 +0000},
	Date-Modified = {2013-08-14 02:54:32 +0000},
	School = {Massachusetts Institute of Technology},
	Title = {The Syntactic Domain of Anaphora},
	Year = {1976}}

@phdthesis{mcnally1992,
	Author = {Louise McNally},
	Date-Added = {2013-08-14 02:53:06 +0000},
	Date-Modified = {2013-08-14 02:53:54 +0000},
	School = {University of California, Santa Cruz},
	Title = {An Interpretation for the {E}nglish Existential Construction},
	Year = {1992}}

@book{may1985,
	Address = {Cambridge, MA},
	Author = {Robert May},
	Date-Added = {2013-08-14 02:52:30 +0000},
	Date-Modified = {2013-08-14 02:53:05 +0000},
	Publisher = {{MIT} Press},
	Title = {Logical Form: Its Structure and Derivation},
	Year = {1985}}

@phdthesis{may1977,
	Author = {Robert May},
	Date-Added = {2013-08-14 02:52:02 +0000},
	Date-Modified = {2013-08-14 02:52:28 +0000},
	School = {Massachusetts Institute of Technology},
	Title = {The Grammar of Quantification},
	Year = {1977}}

@book{li1990,
	Address = {Dordrecht},
	Author = {Y.-H. Audrey Li},
	Date-Added = {2013-08-14 02:50:50 +0000},
	Date-Modified = {2013-11-08 13:53:51 +0000},
	Publisher = {Kluwer Academic Publishers},
	Title = {Order and Constituency in {M}andarin {C}hinese},
	Year = {1990}}

@phdthesis{lee1986,
	Author = {H.-T. Thomas Lee},
	Date-Added = {2013-08-14 02:49:45 +0000},
	Date-Modified = {2013-08-14 02:50:45 +0000},
	School = {University of California, Los Angeles},
	Title = {Studies on Quantification in {C}hinese},
	Year = {1986}}

@incollection{kratzer1998,
	Address = {Dordrecht},
	Author = {Angelika Kratzer},
	Booktitle = {Events and Grammar},
	Date-Added = {2013-08-14 02:47:38 +0000},
	Date-Modified = {2013-08-14 02:49:40 +0000},
	Editor = {Susan Rothstein},
	Pages = {163-196},
	Publisher = {Kluwer},
	Title = {Scope or Pseudoscope? Are there Wide Scope Indefinites?},
	Year = {1998}}

@book{kayne1994,
	Address = {Cambridge, MA},
	Author = {Richard Kayne},
	Date-Added = {2013-08-14 02:47:01 +0000},
	Date-Modified = {2013-08-14 02:47:35 +0000},
	Publisher = {{MIT} Press},
	Title = {The Antisymmetry of Syntax},
	Year = {1994}}

@incollection{kayne1976,
	Address = {Washington DC},
	Author = {Richard Kayne},
	Booktitle = {Current Studies in {R}omance Linguistics},
	Date-Added = {2013-08-14 02:45:16 +0000},
	Date-Modified = {2013-08-14 02:46:59 +0000},
	Editor = {F. Hensey and M. Luj\'{a}n},
	Pages = {255-299},
	Publisher = {Georgetown University Press},
	Title = {French Relative `que'},
	Year = {1976}}

@unpublished{ioninetal2011,
	Author = {Tania Ionin and Cornelia Ebert and Britta Stolterfoht},
	Date-Added = {2013-08-14 02:38:58 +0000},
	Date-Modified = {2013-08-14 02:44:10 +0000},
	Note = {Poster presented at 50 Years of Linguistics at MIT: A Scientific Reunion. December 9-11, Massachusetts Institute of Technology},
	Title = {One Indefinite Scopes out of Islands: An Experimental Study of Long-Distance Scope in {E}nglish and {G}erman},
	Year = {2011}}

@article{hulseysauerland2006,
	Author = {Sarah Hulsey and Uli Sauerland},
	Date-Added = {2013-08-14 02:20:50 +0000},
	Date-Modified = {2013-08-14 02:21:31 +0000},
	Journal = {Natural Language Semantics},
	Pages = {111-137},
	Title = {Sorting out Relative Clauses},
	Volume = {14},
	Year = {2006}}

@article{huang1988,
	Author = {C.-T. James Huang},
	Date-Added = {2013-08-14 02:18:27 +0000},
	Date-Modified = {2013-08-14 02:20:07 +0000},
	Journal = {The Bulletin of the Institute of History and Philology},
	Pages = {43-64},
	Title = {\emph{Shuo shi he you} [On ``be'' and ``have'']},
	Volume = {59},
	Year = {1988}}

@article{huang1981,
	Author = {Shuan-Fan Huang},
	Date-Added = {2013-08-14 02:17:01 +0000},
	Date-Modified = {2013-08-14 02:18:25 +0000},
	Journal = {Journal of Chinese Linguistics},
	Pages = {226-243},
	Title = {On the Scope Phenomena of {C}hinese Quantifiers},
	Volume = {9},
	Year = {1981}}

@incollection{huang1987,
	Address = {Cambridge, MA},
	Author = {C.-T. James Huang},
	Booktitle = {The Representation of (in)definiteness},
	Date-Added = {2013-08-14 02:12:24 +0000},
	Date-Modified = {2013-08-14 02:16:59 +0000},
	Editor = {E. Reuland and A. der Meulen},
	Pages = {226-253},
	Publisher = {{MIT} Press},
	Title = {Existential Sentences in {C}hinese and (in)definiteness},
	Year = {1987}}

@phdthesis{huang1982,
	Author = {C.-T. James Huang},
	Date-Added = {2013-08-14 02:11:43 +0000},
	Date-Modified = {2013-08-14 02:12:21 +0000},
	School = {Massachusetts Institute of Technology},
	Title = {Logical Relations in {C}hinese and the Theory of Grammar},
	Year = {1982}}

@book{hornstein1995,
	Address = {London},
	Author = {Norbert Hornstein},
	Date-Added = {2013-08-14 02:10:48 +0000},
	Date-Modified = {2013-08-14 02:11:42 +0000},
	Publisher = {Blackwell},
	Title = {Logical Form: From {GB} to {M}inimalism},
	Year = {1995}}

@incollection{fanglin2008,
	Address = {Hsinchu},
	Author = {Huilin Fang and T.-H. Jonah Lin},
	Booktitle = {UST Working Papers in Linguistics},
	Date-Added = {2013-08-14 02:08:25 +0000},
	Date-Modified = {2013-08-14 02:10:46 +0000},
	Editor = {X.-X. Rex Yu and Chia-yin Hu},
	Pages = {43-56},
	Publisher = {National Tsing Hua University},
	Title = {The {M}andarin \emph{you} Existential: A Verbal Analysis},
	Volume = {4},
	Year = {2008}}

@mastersthesis{fang2010,
	Author = {Huilin Fang},
	Date-Added = {2013-08-14 02:07:02 +0000},
	Date-Modified = {2013-08-14 02:08:16 +0000},
	School = {National Tsing Hua University},
	Title = {The {M}andarin Existential Construction: A Verbal Analysis of \emph{you}},
	Year = {2010}}

@incollection{cooper1979,
	Address = {Dordrecht},
	Author = {Robin Cooper},
	Booktitle = {Formal Semantics and Pragmatics for Natural Languages},
	Date-Added = {2013-08-14 02:05:14 +0000},
	Date-Modified = {2013-08-14 02:06:54 +0000},
	Editor = {F. Guenthner and S. J. Schmidt},
	Pages = {131-169},
	Publisher = {D. Reidel},
	Title = {Variable Binding and Relative Clauses},
	Year = {1979}}

@incollection{chengetal1997,
	Address = {Taipei},
	Author = {L.-S. Lisa Cheng and C.-T. James Huang and Y.-H. Audrey Li and C.-C. Jane Tang},
	Booktitle = {Chinese Languages and Linguistics IV: Typological Studies of Languages in {C}hina},
	Date-Added = {2013-08-14 02:02:29 +0000},
	Date-Modified = {2014-02-06 01:29:09 +0000},
	Pages = {199-224},
	Publisher = {Academia Sinica},
	Series = {Symposium Series of the Institute of History and Philology},
	Title = {Causative Compounds across {C}hinese Dialects: A Study of {C}antonese, {M}andarin and {T}aiwanese},
	Year = {1997}}

@article{bianchi2002,
	Author = {Valentina Bianchi},
	Date-Added = {2013-08-14 02:01:18 +0000},
	Date-Modified = {2014-02-06 01:25:57 +0000},
	Journal = {Glot International},
	Pages = {197-204 and 1-13},
	Title = {Headed Relative Clauses in Generative Syntax (Parts {I} and {II})},
	Volume = {6.7 and 6.8},
	Year = {2002}}

@book{bianchi1999,
	Address = {Berlin},
	Author = {Valentina Bianchi},
	Date-Added = {2013-08-14 01:58:28 +0000},
	Date-Modified = {2013-08-14 02:01:16 +0000},
	Publisher = {Mouton de Gruyter},
	Title = {Consequences of Antisymmetry: Headed Relative Clauses},
	Year = {1999}}

@article{bhatt2002,
	Author = {Rajesh Bhatt},
	Date-Added = {2013-08-14 01:57:38 +0000},
	Date-Modified = {2013-08-14 01:58:25 +0000},
	Journal = {Natural Language Semantics},
	Pages = {43-90},
	Title = {The Raising Analysis of Relative Clauses: Evidence from Adjectival Modification},
	Volume = {10},
	Year = {2002}}

@book{aounli2003,
	Address = {Cambridge, MA},
	Author = {Joseph Aoun and Y.-H. Audrey Li},
	Date-Added = {2013-08-14 01:56:34 +0000},
	Date-Modified = {2013-08-14 01:57:33 +0000},
	Publisher = {{MIT} Press},
	Title = {Essays on the Representational and Derivational Nature of Grammar},
	Year = {2003}}

@article{aounli1989,
	Author = {Joseph Aoun and Y.-H. Audrey Li},
	Date-Added = {2013-08-14 01:54:59 +0000},
	Date-Modified = {2013-08-14 01:56:19 +0000},
	Journal = {Linguistic Inquiry},
	Pages = {141-172},
	Title = {Constituency and Scope},
	Volume = {20},
	Year = {1989}}

@phdthesis{anderson2004,
	Author = {Catherine Anderson},
	Date-Added = {2013-08-14 01:53:59 +0000},
	Date-Modified = {2013-08-14 01:54:42 +0000},
	School = {Northwestern University},
	Title = {The Structure and Real-Time Comprehension of Quantifier Scope Ambiguity},
	Year = {2004}}

@article{landman1989,
	Author = {Fred Landman},
	Date-Added = {2013-08-02 15:58:04 +0000},
	Date-Modified = {2013-08-02 15:58:57 +0000},
	Journal = {Linguistics and Philosophy},
	Pages = {559-605},
	Title = {Groups {I}},
	Volume = {12},
	Year = {1989}}

@book{kennedy1999,
	Address = {New York},
	Author = {Christopher Kennedy},
	Date-Added = {2013-08-02 15:57:07 +0000},
	Date-Modified = {2014-03-04 20:08:05 +0000},
	Publisher = {Garland},
	Title = {Projecting the Adjective: The Syntax and Semantics of Gradability and Comparison},
	Year = {1999}}

@incollection{matushanskyruys2006,
	Author = {Ora Matushansky and E. G. Ruys},
	Booktitle = {Empirical Issues in Syntax and Semantics},
	Date-Added = {2013-08-02 15:54:05 +0000},
	Date-Modified = {2013-08-02 15:56:26 +0000},
	Editor = {O. Bonami and P. Cabredo Hofherr},
	Pages = {309-330},
	Title = {Meilleurs v{\oe}ux : Quelques notes sur la comparaison plurielle},
	Volume = {6},
	Year = {2006}}

@unpublished{heim1985,
	Author = {Irene Heim},
	Date-Added = {2013-08-02 15:53:01 +0000},
	Date-Modified = {2013-08-02 15:53:47 +0000},
	Note = {Unpublished MS, University of Texas, Austin},
	Title = {Notes on Comparatives and Related Matters},
	Year = {1985}}

@article{vonstechow1984,
	Author = {Arnim von Stechow},
	Date-Added = {2013-08-02 15:49:41 +0000},
	Date-Modified = {2013-08-02 15:51:44 +0000},
	Journal = {Journal of Semantics},
	Pages = {1-77},
	Title = {Comparing Semantic Theories of Comparison},
	Volume = {3},
	Year = {1984}}

@incollection{cresswell1976,
	Address = {New York},
	Author = {Maxwell John Cresswell},
	Booktitle = {Montague Grammar},
	Date-Added = {2013-08-02 15:48:15 +0000},
	Date-Modified = {2013-08-02 15:49:21 +0000},
	Editor = {Barbara H. Partee},
	Pages = {261-292},
	Publisher = {Academic Press},
	Title = {The Semantics of Degree},
	Year = {1976}}

@incollection{scha1984,
	Address = {Dordrecht},
	Author = {Remko Scha},
	Booktitle = {Truth, Interpretation, and Information},
	Date-Added = {2013-08-02 15:31:52 +0000},
	Date-Modified = {2013-08-02 15:33:08 +0000},
	Pages = {131-158},
	Publisher = {Foris},
	Title = {Distributive, Collective and Cumulative Quantification},
	Year = {1984}}

@article{wilhelm2008,
	Author = {Andrea Wilhelm},
	Date-Added = {2013-07-29 04:19:20 +0000},
	Date-Modified = {2014-02-06 16:28:57 +0000},
	Journal = {Natural Language Semantics},
	Pages = {39-68},
	Title = {Bare nouns and number in {D}\"{e}ne {S}{u}\l in\'{e}},
	Volume = {16},
	Year = {2008}}

@phdthesis{carlson1977,
	Author = {Gregory Carlson},
	Date-Added = {2013-07-29 01:02:12 +0000},
	Date-Modified = {2013-07-29 01:03:54 +0000},
	School = {University of Massachusetts at Amherst},
	Title = {Reference to Kinds in {E}nglish},
	Year = {1977}}

@article{kurafuji2004,
	Author = {Takeo Kurafuji},
	Date-Added = {2013-07-28 22:12:38 +0000},
	Date-Modified = {2014-02-04 20:40:46 +0000},
	Journal = {Language and Linguistics},
	Number = {1},
	Pages = {211-242},
	Title = {Plural Morphemes, Definiteness, and the Notion of Semantic Parameter},
	Volume = {5},
	Year = {2004}}

@article{li1999,
	Author = {{Yen-Hui} Audrey Li},
	Date-Added = {2013-07-28 22:08:39 +0000},
	Date-Modified = {2013-07-28 22:09:23 +0000},
	Journal = {Journal of East Asian Linguistics},
	Number = {1},
	Pages = {75-99},
	Title = {Plurality in a Classifier Language},
	Volume = {8},
	Year = {1999}}

@article{lirothstein2012,
	Author = {Xu-Ping Li and Susan Rothstein},
	Date-Added = {2013-07-26 21:25:34 +0000},
	Date-Modified = {2014-02-04 20:42:01 +0000},
	Journal = {Language and Linguistics},
	Number = {4},
	Pages = {693-741},
	Title = {Measure readings of {M}andarin classifier phrases and the particle \emph{de}},
	Volume = {13},
	Year = {2012}}

@unpublished{pillotetal2012,
	Author = {Carl Pillot and Gregory Scontras and Lauren Clemens},
	Date-Added = {2013-07-05 21:59:20 +0000},
	Date-Modified = {2014-02-08 18:46:23 +0000},
	Note = {Available online at http://pollab.fas.harvard.edu/?q=node/212},
	Title = {Experigen{RT}: Measure reaction times in web-based auditory experiments},
	Year = {2012}}

@unpublished{beckerlevine2010,
	Author = {Michal Becker and Jonathan Levine},
	Date-Added = {2013-07-05 21:58:24 +0000},
	Date-Modified = {2014-02-08 18:47:17 +0000},
	Note = {Available at https://github.com/tlozoot/experigen},
	Title = {Experigen: An online experiment platform},
	Year = {2010}}

@article{foote2011,
	Author = {Rebecca Foote},
	Date-Added = {2013-07-05 19:05:08 +0000},
	Date-Modified = {2013-07-05 19:06:10 +0000},
	Journal = {Applied Psycholinguistics},
	Pages = {187-220},
	Title = {Integrated Knowledge of Agreement in Early and Late {E}nglish--{S}panish Bilinguals},
	Volume = {32},
	Year = {2011}}

@article{antonmendezetal2002,
	Author = {In{\'e}s Ant{\'o}n-M{\'e}ndez and Janet L. Nicol and Merrill F. Garrett},
	Date-Added = {2013-07-05 18:55:19 +0000},
	Date-Modified = {2014-10-09 14:52:14 +0000},
	Journal = {Syntax},
	Pages = {1-25},
	Title = {The Relation Between Gender and Number Agreement Processing},
	Volume = {5},
	Year = {2002}}

@article{contreras1987,
	Author = {Heles Contreras},
	Date-Added = {2013-07-05 18:40:36 +0000},
	Date-Modified = {2014-10-09 14:52:38 +0000},
	Journal = {Natural Language \& Linguistic Theory},
	Pages = {225-243},
	Title = {Small Clauses in {S}panish and {E}nglish},
	Volume = {5},
	Year = {1987}}

@phdthesis{laleko2010,
	Author = {O. V. Laleko},
	Date-Added = {2013-07-04 21:13:14 +0000},
	Date-Modified = {2014-10-30 22:45:05 +0000},
	School = {University of Minnesota},
	Title = {The Syntax-Pragmatics Interfact in Language Loss: Covert Restructuring of Aspect in Heritage {R}ussian},
	Year = {2010}}

@article{carminati2005,
	Author = {Maria Nella Carminati},
	Date-Added = {2013-07-04 21:10:38 +0000},
	Date-Modified = {2013-07-04 21:11:51 +0000},
	Journal = {Lingua},
	Pages = {259-285},
	Title = {Processing Reflexes of the {F}eature {H}ierarchy (Person $>$ Number $>$ Gender) and Implications for Linguistic Theory},
	Volume = {115},
	Year = {2005}}

@article{harleyritter2002,
	Author = {Heidi Harley and Elizabeth Ritter},
	Date-Added = {2013-07-04 21:08:47 +0000},
	Date-Modified = {2014-10-09 15:10:21 +0000},
	Journal = {Language},
	Pages = {482-526},
	Title = {Person and Number in Pronouns: A Feature-Geometric Analysis},
	Volume = {78},
	Year = {2002}}

@inproceedings{malkoslioussar2013,
	Author = {Anton Malko and Natalia Slioussar},
	Booktitle = {Proceedings of FASL 21},
	Date-Added = {2013-07-04 21:07:22 +0000},
	Date-Modified = {2013-07-04 21:08:20 +0000},
	Title = {Attraction Errors in Gender Agreement: Evidence from {R}ussian},
	Year = {2013}}

@article{badeckerkuminiak2007,
	Author = {William Badecker and Frantisek Kuminiak},
	Date-Added = {2013-07-04 21:00:51 +0000},
	Date-Modified = {2013-07-04 21:06:00 +0000},
	Journal = {Journal of Memory and Language},
	Pages = {65-85},
	Title = {Morphology, Agreement and working memory retrieval in sentence production: Evidence from gender and case in {S}lovak},
	Volume = {56},
	Year = {2007}}

@article{lorimoretal2008,
	Author = {Heidi Lorimor and Kathryn Bock and Ekaterina Zalkind and Alina Sheyman and Robert Beard},
	Date-Added = {2013-07-04 20:58:02 +0000},
	Date-Modified = {2014-10-09 15:11:23 +0000},
	Journal = {Language and Cognitive Processes},
	Pages = {769-799},
	Title = {Agreement and Attraction in {R}ussian},
	Volume = {23},
	Year = {2008}}

@unpublished{alcocerphillips2009,
	Author = {Pedro Alcocer and Colin Phillips},
	Date-Added = {2013-07-04 20:54:48 +0000},
	Date-Modified = {2014-10-09 14:57:35 +0000},
	Note = {Poster presented at the 22nd annual CUNY conference on human sentence processing, University of California, Davis},
	Title = {A Cross-Language Reversal in Illusory Agreement Licensing},
	Year = {2009}}

@article{bocketal2012,
	Author = {Kathryn Bock and Manuel Carreiras and Enrique Meseguer},
	Date-Added = {2013-07-04 20:52:11 +0000},
	Date-Modified = {2013-07-04 20:53:53 +0000},
	Journal = {Journal of Memory and Language},
	Pages = {17-37},
	Title = {Number Meaning and Number Agreement in {E}nglish and {S}panish},
	Volume = {66},
	Year = {2012}}

@inproceedings{pearsonetal2010,
	Address = {Ithaca, NY},
	Author = {Hazel Pearson and Manizeh Khan and Jesse Snedeker},
	Booktitle = {Semantics and {L}inguistic {T}heory ({SALT}) 20},
	Date-Added = {2013-06-06 03:39:50 +0000},
	Date-Modified = {2014-02-04 20:48:11 +0000},
	Editor = {Nan Li and David Lutz},
	Pages = {489-508},
	Publisher = {CLC Publications},
	Title = {Even More Evidence for the Emptiness of Plurality: {A}n Experimental Investigation of Plural Interpretations as a Species of Implicature},
	Year = {2010}}

@incollection{krifka1995,
	Address = {Chicago},
	Author = {Manfred Krifka},
	Booktitle = {The Generic Book},
	Date-Added = {2013-05-18 04:27:06 +0000},
	Date-Modified = {2013-07-30 03:07:28 +0000},
	Editor = {Gregory N. Carlson and Francis Jeffry Pelletier},
	Pages = {398-412},
	Publisher = {The University of Chicago Press},
	Title = {Common Nouns: A Contrastive Analysis of {C}hinese and {E}nglish},
	Year = {1995}}

@article{sanchesslobin1973,
	Author = {Mary Sanches and Linda Slobin},
	Date-Added = {2013-05-18 03:13:58 +0000},
	Date-Modified = {2013-05-18 03:18:06 +0000},
	Journal = {Working Papers in Language Universals},
	Pages = {1-22},
	Title = {Numeral Classifiers and Plural Marking: An Implicational Universal},
	Volume = {11},
	Year = {1973}}

@incollection{doetjes2012,
	Address = {Berlin},
	Author = {Jenny Doetjes},
	Booktitle = {Semantics: An International Handbook of Natural Language Meaning},
	Date-Added = {2013-05-18 02:42:28 +0000},
	Date-Modified = {2013-05-18 02:47:43 +0000},
	Editor = {Claudia Maienborn and Klaus von Heusinger and Paul Portner},
	Pages = {2559-2580},
	Publisher = {de Gruyter},
	Title = {Count/Mass Distinctions across Languages},
	Volume = {III},
	Year = {2012}}

@inproceedings{scontras2013sub,
	Author = {Gregory Scontras},
	Booktitle = {Proceedings of {S}inn und {B}edeutung 17},
	Date-Added = {2013-05-18 01:54:51 +0000},
	Date-Modified = {2014-04-28 14:26:00 +0000},
	Editor = {Emmanuel Chemla and Vincent Homer and Gr\'{e}goire Winterstein},
	Pages = {545-562},
	Title = {A Unified Semantics for Number Marking, Numerals, and Nominal Structure},
	Year = {2013}}

@phdthesis{wilkinson1991,
	Author = {Karina Jo Wilkinson},
	Date-Added = {2013-02-27 03:58:51 +0000},
	Date-Modified = {2013-02-27 03:59:41 +0000},
	School = {University of Massachusetts Amherst},
	Title = {Studies in the Semantics of Generic Noun Phrases},
	Year = {1991}}

@article{scontrasetal2012,
	Author = {Gregory Scontras and Peter Graff and Noah D. Goodman},
	Date-Added = {2013-02-05 18:47:05 +0000},
	Date-Modified = {2013-02-05 18:48:36 +0000},
	Journal = {Cognition},
	Pages = {190-197},
	Title = {Comparing Pluralities},
	Volume = {123},
	Year = {2012}}

@phdthesis{li2011diss,
	Author = {Xu-Ping Li},
	Date-Added = {2013-02-04 23:53:55 +0000},
	Date-Modified = {2013-05-18 04:30:39 +0000},
	School = {Bar Ilan University},
	Title = {On the Semantics of Classifiers in {C}hinese},
	Year = {2011}}

@inproceedings{jiangCLS,
	Author = {L. Julie Jiang},
	Booktitle = {Proceedings of the Chicago Linguistics Society},
	Date-Added = {2013-02-04 23:40:38 +0000},
	Date-Modified = {2013-02-04 23:50:21 +0000},
	Title = {Monotonicity and Measure Phrases in {C}hinese},
	Volume = {45},
	Year = {2012}}

@incollection{perlmutter1970,
	Address = {The {H}ague},
	Author = {David M. Perlmutter},
	Booktitle = {Progress in Linguistics},
	Date-Added = {2013-01-26 06:37:04 +0000},
	Date-Modified = {2013-01-26 06:38:32 +0000},
	Editor = {Manfred Bierwisch and Karl E. Heidolph},
	Pages = {233-248},
	Publisher = {Mouton},
	Title = {On the Article in {E}nglish},
	Year = {1970}}

@unpublished{audreyli1997,
	Author = {{Yen-hui} Audrey Li},
	Date-Added = {2013-01-25 06:02:00 +0000},
	Date-Modified = {2013-01-25 06:04:53 +0000},
	Note = {MS, University of Southern California},
	Title = {Structures and Interpretations of Nominal Expressions},
	Year = {1997}}

@phdthesis{jiang2012,
	Author = {L. Julie Jiang},
	Date-Added = {2013-01-25 05:56:51 +0000},
	Date-Modified = {2013-02-04 23:40:34 +0000},
	School = {Harvard University},
	Title = {Nominal Arguments and Language Variation},
	Year = {2012}}

@phdthesis{heim1982,
	Author = {Irene Heim},
	Date-Added = {2013-01-23 06:09:02 +0000},
	Date-Modified = {2013-01-23 06:10:07 +0000},
	School = {University of Massachusetts Amherst},
	Title = {The Semantics of Definite and Indefinite Noun Phrases},
	Year = {1982}}

@book{heimkratzer1998,
	Address = {Oxford},
	Author = {Irene Heim and Angelika Kratzer},
	Date-Added = {2013-01-23 04:48:04 +0000},
	Date-Modified = {2013-01-23 04:50:17 +0000},
	Publisher = {Blackwell},
	Title = {Semantics in Generative Grammar},
	Year = {1998}}

@phdthesis{kinn2001,
	Author = {Torodd Kinn},
	Date-Added = {2013-01-21 08:43:03 +0000},
	Date-Modified = {2013-01-21 08:43:34 +0000},
	School = {University of Bergen},
	Title = {Pseudopartitives in {N}orwegian},
	Year = {2001}}

@phdthesis{delsing1993,
	Author = {Lars-Olof Delsing},
	Date-Added = {2013-01-21 08:42:05 +0000},
	Date-Modified = {2013-01-21 08:42:52 +0000},
	School = {University of Lund},
	Title = {The Internal Structure of Noun Phrases in {S}candinavian Languages},
	Year = {1993}}

@unpublished{grestenbergerms,
	Author = {Laura Grestenberger},
	Date-Added = {2013-01-21 06:17:17 +0000},
	Date-Modified = {2014-06-17 14:59:06 +0000},
	Note = {MS, Harvard University},
	Title = {Number Marking in {G}erman Measure Phrases and the Structure of Pseudo-partitives},
	Year = {2013}}

@article{hankamermikkelsen2008,
	Author = {Jorge Hankamer and Line Mikkelsen},
	Date-Added = {2013-01-21 06:15:39 +0000},
	Date-Modified = {2013-01-21 06:16:55 +0000},
	Journal = {Journal of Linguistics},
	Number = {2},
	Pages = {317-346},
	Title = {Definiteness Marking and the Structure of {D}anish Pseudopartitives},
	Volume = {44},
	Year = {2008}}

@incollection{gillon1999,
	Author = {Brendan Gillon},
	Booktitle = {The Breadth and Depth of Semantic Lexicons},
	Date-Added = {2013-01-20 05:56:41 +0000},
	Date-Modified = {2013-07-30 03:01:54 +0000},
	Editor = {Evelyne Viegas},
	Pages = {19-37},
	Publisher = {Kluwer},
	Title = {The Lexical Semantics of {E}nglish Count and Mass Nouns},
	Year = {1999}}

@article{chierchia1998kinds,
	Author = {Gennaro Chierchia},
	Date-Added = {2013-01-19 05:01:11 +0000},
	Date-Modified = {2013-01-19 05:02:15 +0000},
	Journal = {Natural Language Semantics},
	Pages = {339-405},
	Title = {Reference to Kinds across Languages},
	Volume = {6},
	Year = {1998}}

@article{lobner1985,
	Author = {Sebastian L\"{o}bner},
	Date-Added = {2013-01-18 03:40:07 +0000},
	Date-Modified = {2013-01-18 03:41:44 +0000},
	Journal = {Journal of Semantics},
	Pages = {279-326},
	Title = {Definites},
	Volume = {4},
	Year = {1985}}

@article{parteeborschev2012jos,
	Author = {Barbara H. Partee and Vladimir Borschev},
	Date-Added = {2013-01-18 03:22:18 +0000},
	Date-Modified = {2013-01-18 03:24:33 +0000},
	Journal = {Journal of Semantics},
	Pages = {445-486},
	Title = {Sortal, Relational, and Functional Interpretations of Nouns and {R}ussian Container Constructions},
	Volume = {29},
	Year = {2012}}

@book{chomsky1981,
	Address = {Dordrecht},
	Author = {Noam Chomsky},
	Date-Added = {2013-01-16 21:56:20 +0000},
	Date-Modified = {2013-01-16 22:12:49 +0000},
	Publisher = {Foris},
	Title = {Lectures on Government and Binding},
	Year = {1981}}

@glossdef{oed,
	Author = {{Oxford University Press}},
	Date-Added = {2013-01-16 05:14:16 +0000},
	Date-Modified = {2013-01-16 05:22:38 +0000},
	Title = {Oxford {E}nglish {D}ictionary},
	Urldate = {January 16, 2013},
	Word = {-ful}}

@article{leher1986,
	Author = {Adrienne Lehrer},
	Date-Added = {2013-01-15 07:42:27 +0000},
	Date-Modified = {2013-01-15 07:43:14 +0000},
	Journal = {Lingua},
	Pages = {109-148},
	Title = {English Classifier Constructions},
	Volume = {68},
	Year = {1986}}

@incollection{denny1979,
	Address = {The {H}ague},
	Author = {J. Peter Denny},
	Booktitle = {Ethnolinguistics: {B}oas, {S}apir, and {W}horf Revisited},
	Date-Added = {2013-01-15 07:40:00 +0000},
	Date-Modified = {2013-07-30 02:57:18 +0000},
	Editor = {Madeleine Mathiot},
	Pages = {99-119},
	Publisher = {Mouton},
	Title = {The `extendedness' variable in classifier semantics: Universal features and cultural variation},
	Year = {1979}}

@inproceedings{denny1976,
	Address = {Chicago},
	Author = {J. Peter Denny},
	Booktitle = {Annual Meeting of the Chicago Linguistic Society ({CLS}) 12},
	Date-Added = {2013-01-15 07:38:52 +0000},
	Date-Modified = {2014-02-04 20:32:04 +0000},
	Pages = {122-132},
	Publisher = {Chicago Linguistic Society},
	Title = {What are noun classifiers good for?},
	Year = {1976}}

@article{greenberg1972,
	Author = {Joseph Greenberg},
	Date-Added = {2013-01-15 07:36:32 +0000},
	Date-Modified = {2014-02-04 21:25:31 +0000},
	Journal = {Working Papers on Language Universals},
	Note = {Reprinted in A. Makkai et al. (eds.), \emph{Linguistics at the Crossroads}. Lake Bluff, Ilinois: Jupiter Press, 1977, 276--300.},
	Pages = {1-39},
	Title = {Numeral classifiers and substantival number: Problems in the genesis of a linguistic type},
	Volume = {9},
	Year = {1972}}

@article{allan1977a,
	Author = {Keith Allan},
	Date-Added = {2013-01-15 07:35:17 +0000},
	Date-Modified = {2013-01-20 04:51:29 +0000},
	Journal = {Language},
	Number = {2},
	Pages = {285-311},
	Title = {Classifiers},
	Volume = {53},
	Year = {1977}}

@phdthesis{allan1977b,
	Author = {Keith Allan},
	Date-Added = {2013-01-15 07:33:48 +0000},
	Date-Modified = {2013-05-18 04:10:48 +0000},
	School = {University of Edinburgh},
	Title = {Singularity and Plurality in {E}nglish Noun Phrases: A Study in Grammar and Pragmatics},
	Year = {1977}}

@inproceedings{adamsconklin1973,
	Address = {Chicago},
	Author = {Karen L. Adams and Nancy F. Conklin},
	Booktitle = {Annual Meeting of the Chicago Linguistic Society ({CLS}) 9},
	Date-Added = {2013-01-15 07:31:56 +0000},
	Date-Modified = {2014-02-04 21:32:52 +0000},
	Editor = {Claudia Corum and Thomas Cedric Smith-Clark and Ann Weiser},
	Pages = {1-10},
	Publisher = {Chicago Linguistic Society},
	Title = {Toward a natural theory of classification},
	Year = {1973}}

@unpublished{balecoon2012,
	Author = {Alan Bale and Jessica Coon},
	Date-Added = {2013-01-15 03:40:26 +0000},
	Date-Modified = {2014-04-24 14:18:16 +0000},
	Note = {Talk presented at NELS 43, City University of New York},
	Title = {Classifiers are for Numerals not for Nouns: Evidence from {M}i'gmaq and {C}hol},
	Year = {2012}}

@article{lonning1987,
	Author = {Jan Tore L{\o}nning},
	Date-Added = {2013-01-14 03:29:39 +0000},
	Date-Modified = {2013-01-14 08:10:07 +0000},
	Journal = {Linguistics and Philosophy},
	Number = {1},
	Pages = {1-52},
	Title = {Mass Terms and Quanitification},
	Volume = {10},
	Year = {1987}}

@unpublished{rothstein2010talk,
	Author = {Susan Rothstein},
	Date-Added = {2013-01-13 22:33:21 +0000},
	Date-Modified = {2013-01-15 03:43:04 +0000},
	Note = {Talk presented at the 6th International Symposium of Cognition, University of Latvia},
	Title = {Counting, measuring and the semantics of classifiers},
	Year = {2010}}

@incollection{chierchia1998mass,
	Address = {Dordrecht},
	Author = {Gennaro Chierchia},
	Booktitle = {Events and Grammar},
	Date-Added = {2013-01-13 22:25:36 +0000},
	Date-Modified = {2014-02-04 20:17:25 +0000},
	Editor = {Susan Rothstein},
	Pages = {53-103},
	Publisher = {Kluwer Academic Publishers},
	Title = {Plurality of mass nouns and the notion of `semantic parameter'},
	Year = {1998}}

@book{landman2004,
	Address = {Oxford},
	Author = {Fred Landman},
	Date-Added = {2013-01-13 22:24:40 +0000},
	Date-Modified = {2013-01-13 22:25:18 +0000},
	Publisher = {Blackwell},
	Title = {Indefinites and the Type of Sets},
	Year = {2004}}

@phdthesis{doetjes1997,
	Author = {Jenny Doetjes},
	Date-Added = {2013-01-13 22:23:47 +0000},
	Date-Modified = {2013-07-30 02:57:59 +0000},
	School = {University of Leiden},
	Title = {Quantifiers and Selection},
	Year = {1997}}

@article{rothstein2009,
	Author = {Susan Rothstein},
	Date-Added = {2013-01-13 22:22:20 +0000},
	Date-Modified = {2013-01-14 23:18:58 +0000},
	Journal = {Brill Annual of Afroasiatic Languages and Linguistics},
	Pages = {106-145},
	Title = {Individuating and Measure Readings of Classifier Constructions: Evidence from {M}odern {H}ebrew},
	Volume = {1},
	Year = {2009}}

@article{baleetal2011MORPH,
	Author = {Alan Bale and Micha\"el Gagnon and Hrayr Khanjian},
	Date-Added = {2012-12-13 07:19:54 +0000},
	Date-Modified = {2013-07-30 02:52:27 +0000},
	Journal = {Morphology},
	Number = {2},
	Pages = {197-221},
	Title = {On the relationship between morphological and semantic markedness: The case of plural morphology},
	Volume = {21},
	Year = {2011}}

@article{rothstein2010,
	Author = {Susan Rothstein},
	Date-Added = {2012-12-13 00:00:51 +0000},
	Date-Modified = {2012-12-13 00:01:35 +0000},
	Journal = {Journal of Semantics},
	Pages = {343-397},
	Title = {Counting and the Mass/Count Distinction},
	Volume = {27},
	Year = {2010}}

@article{chierchia2010,
	Author = {Gennaro Chierchia},
	Date-Added = {2012-12-10 22:08:52 +0000},
	Date-Modified = {2012-12-10 22:08:52 +0000},
	Journal = {Synthese},
	Pages = {99-149},
	Title = {Mass nouns, vagueness and semantic variation},
	Volume = {174},
	Year = {2010}}

@phdthesis{sigler1996,
	Author = {Michele Sigler},
	Date-Added = {2012-10-01 04:20:19 +0000},
	Date-Modified = {2013-07-30 03:17:20 +0000},
	School = {Massachusetts Institute of Technology},
	Title = {Specificity and Agreement in Standard Western Armenian},
	Year = {1996}}

@unpublished{gajewski2002ms,
	Author = {Jon Gajewski},
	Date-Added = {2012-10-01 03:38:57 +0000},
	Date-Modified = {2013-07-30 02:59:02 +0000},
	Note = {MS, University of Connecticut},
	Title = {On analyticity in natural language},
	Year = {2002}}

@unpublished{zabbal2005,
	Author = {Youri Zabbal},
	Date-Added = {2012-09-28 19:53:57 +0000},
	Date-Modified = {2014-02-04 21:27:24 +0000},
	Note = {MS, University of Massachusetts at Amherst},
	Title = {The syntax of numeral expressions},
	Year = {2005}}

@book{verkuyl1993,
	Address = {Cambridge},
	Author = {Henk J. Verkuyl},
	Date-Added = {2012-09-28 19:53:16 +0000},
	Date-Modified = {2013-07-30 03:18:12 +0000},
	Publisher = {Cambridge University Press},
	Title = {A Theory of Aspectuality},
	Year = {1993}}

@article{schwarzschild2006,
	Author = {Roger Schwarzschild},
	Date-Added = {2012-09-28 19:52:34 +0000},
	Date-Modified = {2013-07-30 03:13:53 +0000},
	Journal = {Syntax},
	Number = {1},
	Pages = {67-110},
	Title = {The role of dimensions in the syntax of noun phrases},
	Volume = {8},
	Year = {2006}}

@incollection{sauerlandetal2005,
	Address = {Berlin},
	Author = {Uli Sauerland and Jan Anderssen and Kazuko Yatsushiro},
	Booktitle = {Linguistic Evidence: Empirical, Theoretical and Computational Perspectives},
	Date-Added = {2012-09-28 19:51:29 +0000},
	Date-Modified = {2013-07-30 03:13:43 +0000},
	Editor = {Stephan Kesper and Marga Reis},
	Publisher = {Mouton de Gruyter},
	Title = {The plural is semantically unmarked},
	Year = {2005}}

@inproceedings{sauerland2003,
	Address = {Ithaca, NY},
	Author = {Uli Sauerland},
	Booktitle = {Semantics and {L}inguistic {T}heory ({SALT}) 13},
	Date-Added = {2012-09-28 19:50:42 +0000},
	Date-Modified = {2014-02-04 20:47:39 +0000},
	Editor = {Robert B. Young and Yuping Zhou},
	Pages = {258-275},
	Publisher = {CLC Publications},
	Title = {A new semantics for number},
	Year = {2003}}

@inproceedings{selkirk1977,
	Address = {New York},
	Author = {Elisabeth Selkirk},
	Booktitle = {Formal Syntax},
	Date-Added = {2012-09-28 19:49:46 +0000},
	Date-Modified = {2014-02-04 20:53:06 +0000},
	Editor = {Peter W. Culicover and Thomas Wasow and Adrian Akmajian},
	Pages = {285-316},
	Publisher = {Academic Press},
	Title = {Some remarks on noun phrase structure},
	Year = {1977}}

@article{ritter1992,
	Author = {Elizabeth Ritter},
	Date-Added = {2012-09-28 19:48:51 +0000},
	Date-Modified = {2013-07-25 20:07:57 +0000},
	Journal = {Canadian Journal of Linguistics},
	Pages = {197-218},
	Title = {Cross-linguistic evidence for number phrase},
	Volume = {37},
	Year = {1992}}

@incollection{link1987,
	Address = {Dordrecht},
	Author = {Godehard Link},
	Booktitle = {Generalized Quantifiers},
	Date-Added = {2012-09-28 19:47:54 +0000},
	Date-Modified = {2013-07-30 03:11:00 +0000},
	Editor = {Peter G\"ardenfors},
	Pages = {151-180},
	Publisher = {D. Reidel},
	Title = {Generalized quantifiers and plurals},
	Year = {1987}}

@incollection{link1983,
	Address = {Berlin},
	Author = {Godehard Link},
	Booktitle = {Meaning, Use, and Interpretation of Language},
	Date-Added = {2012-09-28 19:46:58 +0000},
	Date-Modified = {2014-02-04 20:45:21 +0000},
	Editor = {Rainer B\"{a}uerle and Christoph Schwarze and Arnim von Stechow},
	Pages = {302-323},
	Publisher = {de Gruyter},
	Title = {The logical analysis of plurals and mass terms},
	Year = {1983}}

@incollection{landman2003,
	Address = {Amsterdam and Philadelphia},
	Author = {Fred Landman},
	Booktitle = {From NP to DP: The Syntax and Semantics of Noun Phrases},
	Date-Added = {2012-09-28 19:45:40 +0000},
	Date-Modified = {2013-07-30 03:09:06 +0000},
	Editor = {Martine Coene and Yves D'hulst},
	Publisher = {John Benjamins},
	Title = {Predicate-argument mismatches and the adjectival theory of indefinites},
	Year = {2003}}

@incollection{krifka1989,
	Address = {Dordrecht},
	Author = {Manfred Krifka},
	Booktitle = {Semantics and Contextual Expression},
	Date-Added = {2012-09-28 19:44:10 +0000},
	Date-Modified = {2013-07-30 03:05:07 +0000},
	Editor = {Renate Bartsch, Johan van Benthem, and P. von Emde Boas},
	Publisher = {Foris Publication},
	Title = {Nominal reference, temporal constitution and quantification in event semantics},
	Year = {1989}}

@book{hurford1987,
	Address = {Oxford},
	Author = {James R. Hurford},
	Date-Added = {2012-09-28 19:43:25 +0000},
	Date-Modified = {2013-07-25 20:14:33 +0000},
	Publisher = {Blackwell},
	Title = {Language and Number: The Emergence of a Cognitive System},
	Year = {1987}}

@incollection{heim1991,
	Address = {Berlin},
	Author = {Irene Heim},
	Booktitle = {Semantik: Ein Internationales Handbuch der Zeitgen\"ossischen Forschung},
	Date-Added = {2012-09-28 19:42:00 +0000},
	Date-Modified = {2014-02-04 20:39:02 +0000},
	Editor = {Arnim von Stechow and Dieter Wunderlich},
	Pages = {487-535},
	Publisher = {de Gruyter},
	Title = {Artikel und definitheit},
	Year = {1991}}

@unpublished{gawron2002,
	Author = {Jean Mark Gawron},
	Date-Added = {2012-09-28 19:40:47 +0000},
	Date-Modified = {2013-07-30 03:01:00 +0000},
	Note = {Paper presented at the LSA Annual Meeting},
	Title = {Two kinds of quantizers in {DP}},
	Year = {2002}}

@article{farkasdeswart2010,
	Author = {Donka F. Farkas and Henri\"ette E. de Swart},
	Date-Added = {2012-09-28 19:39:46 +0000},
	Date-Modified = {2013-07-25 20:06:32 +0000},
	Journal = {Semantics and Pragmatics},
	Pages = {1-54},
	Title = {The semantics and pragmatics of plurals},
	Volume = {3},
	Year = {2010}}

@incollection{carpenter1995,
	Address = {Cambridge},
	Author = {Bob Carpenter},
	Booktitle = {Lectures on Type Logical Semantics},
	Date-Added = {2012-09-28 19:37:58 +0000},
	Date-Modified = {2013-07-30 02:55:17 +0000},
	Publisher = {MIT Press},
	Title = {Distribution, collection and quantification: a type-logical account},
	Year = {1995}}

@inproceedings{baleetal2011SALT,
	Address = {Ithaca, NY},
	Author = {Alan Bale and Micha\"el Gagnon and Hrayr Khanjian},
	Booktitle = {Semantics and {L}inguistic {T}heory ({SALT}) 20},
	Date-Added = {2012-09-28 19:36:24 +0000},
	Date-Modified = {2014-02-04 20:48:19 +0000},
	Editor = {Nan Li and David Lutz},
	Pages = {582-598},
	Publisher = {CLC Publications},
	Title = {Cross-linguistic representations of numerals and number marking},
	Year = {2011}}

@article{lasnikstowell1991weakest,
	Author = {Howard Lasnik and Tim Stowell},
	Date-Modified = {2013-07-30 03:09:32 +0000},
	Journal = {Linguistic Inquiry},
	Number = {4},
	Pages = {687--720},
	Publisher = {{MIT} Press},
	Title = {Weakest Crossover},
	Volume = {22},
	Year = {1991}}

@book{chomsky1986barriers,
	Author = {Noam Chomsky},
	Date-Modified = {2013-07-30 02:55:42 +0000},
	Publisher = {{MIT} Press},
	Title = {Barriers},
	Year = {1986}}

@proceedings{sub2011sub15,
	Editor = {Reich, Ingo and Eva Horch and Dennis Pauly},
	Publisher = {Universaar -- Universit\"atsverlag des Saarlandes},
	Title = {Sinn und Bedeutung 15. Proceedings of the 2010 Annual Conference of the Gesellschaft f\"ur Semantik},
	Year = {2011}}
